@book{training_institute_for_dredging_ingewijden_2008,
	title = {Ingewijden {Training}},
	language = {en},
	publisher = {MTI Holland},
	author = {{Training Institute for Dredging}},
	year = {2008}
}

@book{van_der_schrieck_dredging_2014,
	title = {Dredging {Technology} - {Guest} lecture notes {CIE}5300 {Issue} 2014},
	language = {en},
	publisher = {GLM van der SCHRIECK BV},
	author = {van der Schrieck, G.L.M},
	year = {2014}
}

@techreport{vlasblom_designing_nodate,
	type = {Lecture notes},
	title = {Designing {Dredging} {Equipment}},
	institution = {TU Delft, Delft University of Technology},
	author = {Vlasblom, W.J.},
}

@techreport{wetering_ihc_mti_crawler_dredger_final_report_20018,
	type = {report},
	title = {IHC MTI Crawler - final report},
	institution = {IHC MTI B.V.},
	author = {Wetering, R. van de},
	year = {2018},
}

@book{vbko_vereniging_van_waterbouwers_in_bagger_kust_en_oeverwerken_voortgezette_1998,
	address = {Leidschendam},
	title = {Voortgezette {Opleiding} {Uitvoering} {Baggerwerken}},
	isbn = {90 - 9011108-5},
	language = {nl},
	publisher = {VBKO Vereniging van waterbouwers in bagger-, kust- en oeverwerken},
	author = {{VBKO Vereniging van waterbouwers in bagger-, kust- en oeverwerken}},
	year = {1998},
}

@book{van_den_berg_ihc_2013,
	title = {{IHC} {Merwede} {Handbook} for {Centrifugal} {Pumps} and {Slurry} {Transportation}},
	publisher = {MTI Holland},
	author = {Van Den Berg, C.H.},
	year = {2013}
}

@book{white_fluid_2011,
	title = {Fluid {Mechanics}},
	isbn = {978-0-07-352934-9},
	abstract = {The seventh edition of White's Fluid Mechanics offers students a clear and comprehensive presentation of the material that demonstrates the progression from physical concepts to engineering applications and helps students quickly see the practical importance of fluid mechanics fundamentals. The wide variety of topics gives instructors many options for their course and is a useful resource to students long after graduation. The book's unique problem-solving approach is presented at the start of the book and carefully integrated in all examples. Students can progress from general ones to those involving design, multiple steps and computer usage.},
	language = {en},
	publisher = {McGraw Hill},
	author = {White, Frank M.},
	year = {2011},
	keywords = {Technology \& Engineering / Mechanical},
}

@book{international_standard_iso_neniso_1981,
	title = {{NEN}-{ISO} 7119:1982 {Continuous} mechanical handling equipment for loose bulk materials - screw conveyors - {Design} rules of drive power},
	shorttitle = {{NEN}-{ISO} 7119:1982},
	publisher = {International Standard ISO},
	author = {{International Standard ISO}},
	year = {1981},
	file = {International Standard ISO_1981_NEN-ISO 7119.pdf:/home/peer23peer/ownCloud/Zotero/storage/EIA25J48/International Standard ISO_1981_NEN-ISO 7119.pdf:application/pdf}
}

@book{perry_2007,
  title={Perry's Chemical Engineers' Handbook, Eighth Edition},
  author={Green, D.W. and Perry, R.H.},
  isbn={9780071593137},
  lccn={2007026072},
  series={McGraw Hill professional},
  url={https://books.google.nl/books?id=tH7IVcA-MX0C},
  year={2007},
  publisher={McGraw-Hill Education}
}
