% Encoding: UTF-8
@acronym{acr-1271,
  short = {1271},
  long = {MAGDALEN}
}

@acronym{acr-1275,
  short = {1275},
  long = {JUN YANG I}
}

@acronym{acr-ADC,
  short = {ADC},
  long = {Analog Digital Conversion}
}

@acronym{acr-AHP,
  short = {AHP},
  long = {Absorption Heat Pump}
}

@acronym{acr-AOD,
  short = {AOD},
  long = {Autonomous Operating Dredgebot}
}

@acronym{acr-ASD,
  short = {ASD},
  long = {Auger Suction Dredger}
}

@acronym{acr-ASHRAE,
  short = {ASHRAE},
  long = {American Society of Heating, Refrigerating and Air-Conditioning}
}

@acronym{acr-AUV,
  short = {AUV},
  long = {Autonomous Underwater Vehicle}
}

@acronym{acr-AW,
  short = {AW},
  long = {Acoustic Waves}
}

@acronym{acr-BBB,
  short = {BBB},
  long = {Beagle Bone Black}
}

@acronym{acr-BCD,
  short = {BCD},
  long = {Boustrophedon Cellular Decomposition}
}

@acronym{acr-BCD-GVD,
  short = {BCD-GVD},
  long = {Morse-based Cellular Decomposition with Voronoi Diagram}
}

@acronym{acr-BV,
  short = {BV},
  long = {Bureau Veritas}
}

@acronym{acr-CCS,
  short = {CCS},
  long = {China Classification Society}
}

@acronym{acr-CFC,
  short = {CFC},
  long = {ChloroFluoroCarbons}
}

@acronym{acr-CIP,
  short = {CIP},
  long = {Common Industrial Protocol}
}

@acronym{acr-COP,
  short = {COP},
  long = {Coefficient Of Performance}
}

@acronym{acr-CPP,
  short = {CPP},
  long = {Coverage Path Planning}
}

@acronym{acr-CSD,
  short = {CSD},
  long = {Cutter Suction Dredger}
}

@acronym{acr-DEC,
  short = {DEC},
  long = {Desiccant Evaporative Cooling}
}

@acronym{acr-DEM,
  short = {DEM},
  long = {Discrete Element Method}
}

@acronym{acr-DIN,
  short = {DIN},
  long = {Deutsches Institut fur Normung e.V.}
}

@acronym{acr-DoA,
  short = {DoA},
  long = {Direction of arrival}
}

@acronym{acr-EHP,
  short = {EHP},
  long = {Electrical driven Heat Pump}
}

@acronym{acr-EMW,
  short = {EMW},
  long = {Electromagnetic Waves}
}

@acronym{acr-EN,
  short = {EN},
  long = {Europese norm}
}

@acronym{acr-ESEER,
  short = {ESEER},
  long = {European Seasonal Energy Ratio}
}

@acronym{acr-ETC,
  short = {ETC},
  long = {Evacuated Tube Collector}
}

@acronym{acr-FIC,
  short = {FIC},
  long = {Fluoro-IodoCarbon}
}

@acronym{acr-FPC,
  short = {FPC},
  long = {Flat Plate Collector}
}

@acronym{acr-FR,
  short = {FR},
  long = {Frame}
}

@acronym{acr-GDC,
  short = {GDC},
  long = {CCCC Guangzhou Dredging Co., Ltd}
}

@acronym{acr-GDHP,
  short = {GDHP},
  long = {Gas Diffusion Heat Pump}
}

@acronym{acr-GEHP,
  short = {GEHP},
  long = {Gas Engine Heat Pump}
}

@acronym{acr-GPS,
  short = {GPS},
  long = {Global Positioning System}
}

@acronym{acr-GUI,
  short = {GUI},
  long = {Graphical User Interface}
}

@acronym{acr-GVD,
  short = {GVD},
  long = {Generalized Voronoi Diagram}
}

@acronym{acr-GWP,
  short = {GWP},
  long = {Global Warming Potential}
}

@acronym{acr-HAN,
  short = {HAN},
  long = {Hogeschool Arnhem and Nijmegen}
}

@acronym{acr-HC,
  short = {HC},
  long = {HydroCarbons}
}

@acronym{acr-HCFC,
  short = {HCFC},
  long = {HydroChloroFluoroCarbons}
}

@acronym{acr-HCFS,
  short = {HCFS},
  long = {HydroChloroFluoroCarbons}
}

@acronym{acr-HE,
  short = {HE},
  long = {HydroEther}
}

@acronym{acr-HFC,
  short = {HFC},
  long = {HydroFluoroCarbons}
}

@acronym{acr-HFE,
  short = {HFE},
  long = {HydroFluorEther}
}

@acronym{acr-HFIC,
  short = {HFIC},
  long = {HydroFluoro-IodoCarbon}
}

@acronym{acr-ICS,
  short = {ICS},
  long = {Integral Collector Storage}
}

@acronym{acr-IEEE,
  short = {IEEE},
  long = {Institute of Electrical and Electronics Engineers}
}

@acronym{acr-IHC,
  short = {IHC},
  long = {Royal IHC}
}

@acronym{acr-IMU,
  short = {IMU},
  long = {Inertial Measurement Unit}
}

@acronym{acr-ISO,
  short = {ISO},
  long = {International Organization for Standardization}
}

@acronym{acr-IoT,
  short = {IoT},
  long = {Internet of Things}
}

@acronym{acr-KNMI,
  short = {KNMI},
  long = {Koninklijk Nederlands Meteorologish Instituut}
}

@acronym{acr-LBL,
  short = {LBL},
  long = {Long Base Line}
}

@acronym{acr-LLC,
  short = {LLC},
  long = {Logical Link Control}
}

@acronym{acr-LQE,
  short = {LQE},
  long = {Linear Quadratic Estimation}
}

@acronym{acr-LQG-MP,
  short = {LQG-MP},
  long = {Linear-Quadratic Gaussian Motion Planning}
}

@acronym{acr-LT,
  short = {LT},
  long = {Low Teemperature}
}

@acronym{acr-MAC,
  short = {MAC},
  long = {Media Access Control}
}

@acronym{acr-MEMS,
  short = {MEMS},
  long = {Micro Electro Mechanical System}
}

@acronym{acr-MLP,
  short = {MLP},
  long = {Multi-Layer Perceptron}
}

@acronym{acr-MTI,
  short = {MTI},
  long = {IHC MTI B.V.}
}

@acronym{acr-MVR,
  short = {MVR},
  long = {Mechanical Vapor Recompression}
}

@acronym{acr-Medusa,
  short = {Medusa},
  long = {IHC Medusa B.V.}
}

@acronym{acr-NEES,
  short = {NEES},
  long = {Normalized Estimated Error Squared}
}

@acronym{acr-NN,
  short = {NN},
  long = {Neural Network based Coverage in Grid maps}
}

@acronym{acr-OOP,
  short = {OOP},
  long = {Object-Orientated Programming}
}

@acronym{acr-OP,
  short = {OP},
  long = {Organic Polymer Gel}
}

@acronym{acr-PDR,
  short = {PDR},
  long = {Parabolic Dish Reflector}
}

@acronym{acr-PID,
  short = {PID},
  long = {Proportional Integral Derivative}
}

@acronym{acr-PLC,
  short = {PLC},
  long = {Programmable Logic Controller}
}

@acronym{acr-PMV,
  short = {PMV},
  long = {Predicted Mean Vote}
}

@acronym{acr-PPD,
  short = {PPD},
  long = {Predicted Percentage of Dissatisfied}
}

@acronym{acr-PTC,
  short = {PTC},
  long = {Parabolic Trough Collector}
}

@acronym{acr-RESL,
  short = {RESL},
  long = {Robotic Embedded Systems Laboratory}
}

@acronym{acr-ROV,
  short = {ROV},
  long = {Remote Operated Vehicle}
}

@acronym{acr-RRT,
  short = {RRT},
  long = {Rapidly exploring Random Trees}
}

@acronym{acr-Rpi,
  short = {Rpi},
  long = {Raspberry pi}
}

@acronym{acr-SBC,
  short = {SBC},
  long = {Single Board Computer}
}

@acronym{acr-SCM,
  short = {SCM},
  long = {Soil Contact Model}
}

@acronym{acr-SLAM,
  short = {SLAM},
  long = {Simultaneous Localization And Mapping}
}

@acronym{acr-STC,
  short = {STC},
  long = {grid based Spanning Tree Coverage}
}

@acronym{acr-SW,
  short = {SW},
  long = {Sound Waves}
}

@acronym{acr-SWR,
  short = {SWR},
  long = {Submerged Weight Range}
}

@acronym{acr-Spiral-STC,
  short = {Spiral-STC},
  long = {Spiral Spanning Tree Coverage}
}

@acronym{acr-TCP,
  short = {TCP},
  long = {Transmission Control Protocol}
}

@acronym{acr-TIR,
  short = {TIR},
  long = {Total Internal Reflection}
}

@acronym{acr-TRN,
  short = {TRN},
  long = {Terrain Relative navigation}
}

@acronym{acr-TSHD,
  short = {TSHD},
  long = {Trailing Suction Hopper Dredger}
}

@acronym{acr-ToF,
  short = {ToF},
  long = {Time of Flight}
}

@acronym{acr-UDP,
  short = {UDP},
  long = {User Datagram Protocol}
}

@acronym{acr-UKF,
  short = {UKF},
  long = {Unscented Kalman Filter}
}

@acronym{acr-USBL,
  short = {USBL},
  long = {Ultra Short Base Line}
}

@acronym{acr-UT,
  short = {UT},
  long = {Unscented Transformation}
}

@acronym{acr-YAML,
  short = {YAML},
  long = {YAML Ain't Markup Language}
}

@acronym{acr-onBCD,
  short = {onBCD},
  long = {online Morse-based Boustrophedon Cellular Decomposition}
}

@acronym{acr-onSD2,
  short = {onSD2},
  long = {on-line Slice Decomposition II}
}

@acronym{acr-onSD2NN,
  short = {onSD2NN},
  long = {on-line Slice Decomposition II with Neural Network}
}

@acronym{acr-topBCD,
  short = {topBCD},
  long = {topological Boustrophedeon Cellular Decomposition}
}

@entry{gls-Archimedes-screw,
  name = {7},
  description = {a machine historically used for transferring water from a low-lying body of water into irrigation ditches. The same principle can also be used propel the screw in a medium}
}

@entry{gls-Bingham-plastic,
  name = {11},
  description = {a viscoplastic material that behaves as a rigid body at low stresses but flows as a viscous fluid at high stress}
}

@entry{gls-Chrono_Sensors,
  name = {2},
  description = {an extension library for Project Chrono, which allows simulation of realistic sensor values.}
}

@entry{gls-Dempster-shafer-theory,
  name = {3},
  description = {theory of belief functions, also referred to as evidence theory or Dempster-Shafer theory (DST), is a general framework for reasoning with uncertainty}
}

@entry{gls-Kalman-filter,
  name = {40},
  description = {an algorithm that uses a series of measurements observed over time, containing statistical noise and other inaccuracies, and produces estimates of unknown variables that tend to be more precise than those based on a single measurement alone}
}

@entry{gls-MTIpython,
  name = {50},
  description = {a Python package, used within IHC, to solve engineering problems in the disciplines: fluids, thermodynamics, mechanical and electrical}
}

@entry{gls-Project_Chrono,
  name = {1},
  description = {a physics-based modelling and simulation infrastructure based on a platform-independent open-source design implemented in C++}
}

@entry{gls-Python,
  name = {61},
  description = {an interpreted high-level programming language for general-purpose programming}
}

@entry{gls-Sankey diagram,
  name = {67},
  description = {a specific type of flow diagram, in which the width of the arrows is shown proportionally to the flow quantity}
}

@entry{gls-accelerometer,
  name = {4},
  description = {a device that measures proper acceleration}
}

@entry{gls-acoustic-navigation,
  name = {5},
  description = {triangulation of a position using the difference in send and receive time of signal, to calculate the distance from a source}
}

@entry{gls-adjacency-graph,
  name = {6},
  description = {a graph representing depicting all the nodes}
}

@entry{gls-auger-dredge-head,
  name = {8},
  description = {consists of two opposite-thread spiral cutters on a horizontal tubular body. The soil is cut by the spiral cutters, and the pitch ensures that it's carried to the center of the auger, where the suction head is situated.}
}

@entry{gls-bandwidth,
  name = {9},
  description = {a difference between the upper and lower frequencies in a continuous set of frequencies}
}

@entry{gls-bathymetric-map,
  name = {10},
  description = {submerged equivalent of an above-water topographic map}
}

@entry{gls-bitstream,
  name = {12},
  description = {a sequential binary sequence}
}

@entry{gls-black-body,
  name = {13},
  description = {an idealized physical body that absorbs all incident electromagnetic radiation, regardless of frequency or angle of incidence}
}

@entry{gls-closed-system,
  name = {14},
  description = {a physical system that doesn't exchange any matter with its surroundings, and isn't subject to any net force whose source is external to the system}
}

@entry{gls-conduction,
  name = {15},
  description = {a transfer of heat by microscopic collisions of particles and movement of electrons within a body}
}

@entry{gls-convection,
  name = {16},
  description = {an algorithm that uses a series of measurements observed over time, containing statistical noise and other inaccuracies, and produces estimates of unknown variables that tend to be more precise than those based on a single measurement alone, by using Bayesian inference and estimating a joint probability distribution over the variables for each time frame}
}

@entry{gls-cooling-load,
  name = {17},
  description = {a rate at which sensible and latent heat must be removed from the space to maintain a constant space dry-bulb air temperature and humidity}
}

@entry{gls-coriolis-effect,
  name = {18},
  description = {an inertial or fictitious force that acts on objects that are in motion within a frame of reference that rotates with respect to an inertial frame.}
}

@entry{gls-coverage-path,
  name = {19},
  description = {a sequence of steps which coveres a whole area by following a certain path}
}

@entry{gls-critical-point,
  name = {20},
  description = {a value of average degree, which separates networks}
}

@entry{gls-cusp-point,
  name = {21},
  description = {are points where its surface normal of the boundary of the free configuration space is non-smooth}
}

@entry{gls-dead-reckoning,
  name = {22},
  description = {the process of calculating one's current position by using a previously determined position, or fix, and advancing that position based upon known or estimated speeds over elapsed time and course}
}

@entry{gls-deadlock-state,
  name = {23},
  description = {a standstill situation, from which the algorithm has no means of escape}
}

@entry{gls-dilatancy,
  name = {24},
  description = {volume increase that may occur during shear}
}

@entry{gls-draghead,
  name = {25},
  description = {a suction mouth which is dragged across a water body}
}

@entry{gls-dredgeline,
  name = {26},
  description = {a pipeline which transports excavated slurry}
}

@entry{gls-electric-field,
  name = {27},
  description = {a vector field that associates to each point in space the Coulomb force that would be experienced per unit of electric charge, by an infinitesimal test charge at that point. Electric fields converge and diverge at electric charges and can be induced by time-varying magnetic fields}
}

@entry{gls-electric-motor,
  name = {28},
  description = {an electrical machine that converts electrical energy into mechanical energy}
}

@entry{gls-erosion,
  name = {29},
  description = {an action of surface processes (such as water flow or wind) that removes soil}
}

@entry{gls-geophysical-navigation,
  name = {30},
  description = {navigation using landmarks}
}

@entry{gls-gimbal-lock,
  name = {31},
  description = {the loss of one degree of freedom in a three-dimensional space, three-gimbal mechanism that occurs when the axes of two of the three gimbals are driven into a parallel configuration, ``locking'' the system into rotation in a degenerate two-dimensional space}
}

@entry{gls-graph,
  name = {32},
  description = {a mathematical structure used to model pairwise relations between objects. A graph in this context is made up of vertices, nodes, or points which are connected by edges, arcs, or lines}
}

@entry{gls-gyroscope,
  name = {33},
  description = {a spinning wheel or disc in which the axis of rotation is free to assume any orientation by itself. When rotating, the orientation of this axis is unaffected by tilting or rotation of the mounting, according to the conservation of angular momentum. Because of this, gyroscopes are useful for measuring or maintaining orientation}
}

@entry{gls-hard-iron,
  name = {34},
  description = {a constant additive disturbance in the magnetic field of the magnetometer}
}

@entry{gls-heating-load,
  name = {35},
  description = {a rate at which sensible and latent heat must be added to the space to maintain a constant space dry-bulb air temperature and humidity}
}

@entry{gls-hessian,
  name = {36},
  description = {a square matrix of second-order partial derivatives of a scalar-valued function, or scalar field. It describes the local curvature of a function of many variables}
}

@entry{gls-hopper,
  name = {37},
  description = {a storage container or compartment}
}

@entry{gls-hydraulic-motor,
  name = {38},
  description = {a mechanical actuator that converts hydraulic pressure and flow into torque and angular displacement}
}

@entry{gls-hydraulic-pump,
  name = {39},
  description = {a mechanical source of power that converts mechanical power into hydraulic energy}
}

@entry{gls-kalman-gain,
  name = {41},
  description = {the relative weight given to the measurements and current state estimate, and can be "tuned" to achieve particular performance. With a high gain, the filter places more weight on the most recent measurements, and thus follows them more responsively. With a low gain, the filter follows the model predictions more closely. At the extremes, a high gain close to one will result in a more jumpy estimated trajectory, while low gain close to zero will smooth out noise but decrease the responsiveness}
}

@entry{gls-latent-heat,
  name = {42},
  description = {thermal energy released or absorbed by a body}
}

@entry{gls-lora,
  name = {43},
  description = {a wireless technology that has been developed to enable low data rate communications to be made over long distances by sensors and actuators for M2M and Internet of Things, IoT applications}
}

@entry{gls-lorentz-force,
  name = {44},
  description = { the combination of electric and magnetic force on a point charge due to electromagnetic fields}
}

@entry{gls-magnetic-field,
  name = {45},
  description = {a magnetic effect of electric currents and magnetic materials. The magnetic field at any given point is specified by both a direction and a magnitude (or strength); as such it's a vector field}
}

@entry{gls-magnetometer,
  name = {46},
  description = {a magnetometer is an instrument that measures magnetism, either magnetization of magnetic material like a ferromagnet, or the strength and, in some cases, direction of the magnetic field at a point in space}
}

@entry{gls-maxwell,
  name = {47},
  description = {are a set of partial differential equations that, together with the Lorentz force law, form the foundation of classical electrodynamics, classical optics, and electric circuits}
}

@entry{gls-monotonically,
  name = {48},
  description = {a function between ordered sets that preserves or reverses the given order}
}

@entry{gls-morse-function,
  name = {49},
  description = {a function for which all critical points are non-degenerate and all critical levels are different}
}

@entry{gls-narrow-cell,
  name = {51},
  description = {a cell is located in a narrow space, bound between multiple walls}
}

@entry{gls-node,
  name = {52},
  description = {fundamental unit of which graphs are formed}
}

@entry{gls-non-commutative,
  name = {53},
  description = {a operation in which the order of the operands determine the results}
}

@entry{gls-odometry,
  name = {54},
  description = {the use of data from motion sensors to estimate change in position over time}
}

@entry{gls-off-line,
  name = {55},
  description = {algorithm which plans an optimal path ahead of time, thus which needs to know the environment a priori}
}

@entry{gls-ohCaptain,
  name = {0},
  description = {a versatile efficient controller framework for the maritime industry}
}

@entry{gls-on-line,
  name = {56},
  description = {an algorithm which has the ability to adapt when needed}
}

@entry{gls-open-system,
  name = {57},
  description = {a system that has external interactions. Such interactions can take the form of information, energy, or material transfers into or out of the system boundary}
}

@entry{gls-optimal-path,
  name = {58},
  description = {a sequence of steps which are optimized}
}

@entry{gls-polarized-plane,
  name = {59},
  description = {is a confinement of the electric field vector or magnetic field vector to a given plane along the direction of propagation}
}

@entry{gls-pressure-sensor,
  name = {60},
  description = {can be classified in terms of pressure ranges they measure, temperature ranges of operation, and most importantly the type of pressure they measure}
}

@entry{gls-quaternion,
  name = {62},
  description = {a number system that extends the complex numbers, they are very useful in describing a rotation involving three dimensions}
}

@entry{gls-radiation,
  name = {63},
  description = {an electromagnetic radiation generated by the thermal motion of charged particles in matter. All matter with a temperature greater than absolute zero emits thermal radiation}
}

@entry{gls-reeb-graph,
  name = {64},
  description = {a mathematical object reflecting the evolution of the level sets of a real-valued function on a manifold}
}

@entry{gls-refrigerant,
  name = {65},
  description = {a substance or mixture, used in heat pumps to transport heat energy}
}

@entry{gls-resistor,
  name = {66},
  description = {a passive two-terminal electrical component that implements electrical resistance as a circuit element}
}

@entry{gls-sedimentation,
  name = {68},
  description = {the opposite of erosion}
}

@entry{gls-silt,
  name = {69},
  description = {a granular material of a size between sand and clay}
}

@entry{gls-slurry,
  name = {70},
  description = {describe a mixture that consist of both solid and fluid phases}
}

@entry{gls-soft-iron,
  name = {71},
  description = {a result of material that distorts the magnetic field of magnetometer, but does not necessarily generate its own magnetic field}
}

@entry{gls-solvent,
  name = {72},
  description = {a substance that dissolves a solute, such as a chemically distinct liquid, solid or gas, resulting in a solution}
}

@entry{gls-tooltip,
  name = {73},
  description = {a popup window, containing additional information. It appears when a mouse pointer hoovers over a designated area}
}

@entry{gls-trapezoidal-rule,
  name = {74},
  description = {a technique for approximating the definite integral}
}

@entry{gls-traveling-salesman-problem,
  name = {75},
  description = {asks the following question: ``Given a list of cities and the distances between each pair of cities, what is the shortest possible route that visits each city exactly once and returns to the origin city?'' it's an NP-hard problem in combinatorial optimization, important in operations research and theoretical computer science}
}

@entry{gls-umbilical,
  name = {76},
  description = {a electronic cable connecting an underwater vehicle}
}

@entry{gls-vast-cell,
  name = {77},
  description = {a cell located in a vast open space}
}

@entry{gls-voronoi-diagram,
  name = {78},
  description = {a partition of a plane into regions close to each of a given set of objects}
}

@entry{gls-word,
  name = {79},
  description = {a string of bits representing a value which is stored in memory}
}

@entry{sym-A,
  symbol = {\ensuremath{A}},
  unit = {\ensuremath{\si{\meter\squared}}},
  name = {A},
  description = {surface},
  type = {symbolslist},
  category = {mathtooltip}
}

@entry{sym-A_1,
  symbol = {\ensuremath{A_1}},
  unit = {\ensuremath{\si{\meter\squared}}},
  name = {A 1},
  description = {surface of object 1},
  type = {symbolslist},
  category = {mathtooltip}
}

@entry{sym-A_2,
  symbol = {\ensuremath{A_2}},
  unit = {\ensuremath{\si{\meter\squared}}},
  name = {A 2},
  description = {surface of object 2},
  type = {symbolslist},
  category = {mathtooltip}
}

@entry{sym-A_a,
  symbol = {\ensuremath{A_a}},
  unit = {\ensuremath{\si{\meter\squared}}},
  name = {A a},
  description = {working section of the screw conveyor},
  type = {symbolslist},
  category = {mathtooltip}
}

@entry{sym-A_c,
  symbol = {\ensuremath{A_c}},
  unit = {\ensuremath{\si{\meter\squared}}},
  name = {A c},
  description = {collector sunlight exposed surface},
  type = {symbolslist},
  category = {mathtooltip}
}

@entry{sym-A_p,
  symbol = {\ensuremath{A_p}},
  unit = {\ensuremath{\si{\meter\squared}}},
  name = {A p},
  description = {cross section of a pipe},
  type = {symbolslist},
  category = {mathtooltip}
}

@entry{sym-A_s,
  symbol = {\ensuremath{A_s}},
  unit = {\ensuremath{\si{\meter\squared}}},
  name = {A s},
  description = {cross section area of in soil submerged volume},
  type = {symbolslist},
  category = {mathtooltip}
}

@entry{sym-B_d,
  symbol = {\ensuremath{B_d}},
  unit = {\ensuremath{\si{\radian\per\second}}},
  name = {B d},
  description = {slow chancing component of the signal; this is the gyroscope drift},
  type = {symbolslist},
  category = {mathtooltip}
}

@entry{sym-B_k,
  symbol = {\ensuremath{\mathbf{B}}},
  unit = {\ensuremath{\si{-}}},
  name = {B k},
  description = {a control-input model which is applied to a control vector},
  type = {symbolslist},
  category = {mathtooltip}
}

@entry{sym-C,
  symbol = {\ensuremath{C}},
  unit = {\ensuremath{\si{-}}},
  name = {C},
  description = {cost a function},
  type = {symbolslist},
  category = {mathtooltip}
}

@entry{sym-C_vb,
  symbol = {\ensuremath{C_{vb}}},
  unit = {\ensuremath{\si{-}}},
  name = {C vb},
  description = {volumetric bed concentration},
  type = {symbolslist},
  category = {mathtooltip}
}

@entry{sym-Cp,
  symbol = {\ensuremath{Cp}},
  unit = {\ensuremath{\si{-}}},
  name = {Cp},
  description = {critical point in graph},
  type = {symbolslist},
  category = {mathtooltip}
}

@entry{sym-Cp_0,
  symbol = {\ensuremath{Cp_0}},
  unit = {\ensuremath{\si{-}}},
  name = {Cp 0},
  description = {critical point 0 in graph},
  type = {symbolslist},
  category = {mathtooltip}
}

@entry{sym-Cp_1,
  symbol = {\ensuremath{Cp_1}},
  unit = {\ensuremath{\si{-}}},
  name = {Cp 1},
  description = {critical point 1 in graph},
  type = {symbolslist},
  category = {mathtooltip}
}

@entry{sym-Cp_2,
  symbol = {\ensuremath{Cp_2}},
  unit = {\ensuremath{\si{-}}},
  name = {Cp 2},
  description = {critical point 2 in graph},
  type = {symbolslist},
  category = {mathtooltip}
}

@entry{sym-Cp_3,
  symbol = {\ensuremath{Cp_3}},
  unit = {\ensuremath{\si{-}}},
  name = {Cp 3},
  description = {critical point 3 in graph},
  type = {symbolslist},
  category = {mathtooltip}
}

@entry{sym-Cp_i,
  symbol = {\ensuremath{Cp_i}},
  unit = {\ensuremath{\si{-}}},
  name = {Cp i},
  description = {critical point ith in graph},
  type = {symbolslist},
  category = {mathtooltip}
}

@entry{sym-D_l,
  symbol = {\ensuremath{D_{l,t}}},
  unit = {\ensuremath{\si{-}}},
  name = {D l},
  description = {list of line segments},
  type = {symbolslist},
  category = {mathtooltip}
}

@entry{sym-D_l_t,
  symbol = {\ensuremath{D_{l,t}}},
  unit = {\ensuremath{\si{-}}},
  name = {D l t},
  description = {line segment at t},
  type = {symbolslist},
  category = {mathtooltip}
}

@entry{sym-D_l_t-1,
  symbol = {\ensuremath{D_{l,t-1}}},
  unit = {\ensuremath{\si{-}}},
  name = {D l t-1},
  description = {line segment at t-1},
  type = {symbolslist},
  category = {mathtooltip}
}

@entry{sym-D_s,
  symbol = {\ensuremath{D_{s}}},
  unit = {\ensuremath{\si{\meter}}},
  name = {D s},
  description = {suction depth},
  type = {symbolslist},
  category = {mathtooltip}
}

@entry{sym-Delta_F,
  symbol = {\ensuremath{\Delta F}},
  unit = {\ensuremath{\si{\newton}}},
  name = {Delta F},
  description = {difference in force},
  type = {symbolslist},
  category = {mathtooltip}
}

@entry{sym-Delta_L,
  symbol = {\ensuremath{\Delta L}},
  unit = {\ensuremath{\si{\meter}}},
  name = {Delta L},
  description = {length of a pipe},
  type = {symbolslist},
  category = {mathtooltip}
}

@entry{sym-Delta_Q_c,
  symbol = {\ensuremath{\Delta Q_{c}}},
  unit = {\ensuremath{\si{\watt}}},
  name = {Delta Q c},
  description = {heat flow stored in a node},
  type = {symbolslist},
  category = {mathtooltip}
}

@entry{sym-Delta_d_1_2,
  symbol = {\ensuremath{\Delta d_{1,2}}},
  unit = {\ensuremath{\si{\meter}}},
  name = {Delta d 1 2},
  description = {distance between two points},
  type = {symbolslist},
  category = {mathtooltip}
}

@entry{sym-Delta_p,
  symbol = {\ensuremath{\Delta p}},
  unit = {\ensuremath{\si{\pascal}}},
  name = {Delta p},
  description = {pressureloss},
  type = {symbolslist},
  category = {mathtooltip}
}

@entry{sym-Delta_p_n,
  symbol = {\ensuremath{\Delta p_n}},
  unit = {\ensuremath{\si{\pascal}}},
  name = {Delta p n},
  description = {nominal pressureloss},
  type = {symbolslist},
  category = {mathtooltip}
}

@entry{sym-Delta_psi,
  symbol = {\ensuremath{\Delta \psi}},
  unit = {\ensuremath{\si{\radian}}},
  name = {Delta psi},
  description = {difference in yaw of a crawler on the Euclidean z-axis between time k and k+1},
  type = {symbolslist},
  category = {mathtooltip}
}

@entry{sym-Delta_t,
  symbol = {\ensuremath{\Delta t}},
  unit = {\ensuremath{\si{\second}}},
  name = {Delta t},
  description = {time difference},
  type = {symbolslist},
  category = {mathtooltip}
}

@entry{sym-Delta_tau,
  symbol = {\ensuremath{\Delta \tau}},
  unit = {\ensuremath{\si{\newton\meter}}},
  name = {Delta tau},
  description = {torque difference},
  type = {symbolslist},
  category = {mathtooltip}
}

@entry{sym-Delta_x,
  symbol = {\ensuremath{\Delta x}},
  unit = {\ensuremath{\si{\meter}}},
  name = {Delta x},
  description = {distance between nodes},
  type = {symbolslist},
  category = {mathtooltip}
}

@entry{sym-Delta_z,
  symbol = {\ensuremath{\Delta z}},
  unit = {\ensuremath{\si{\meter}}},
  name = {Delta z},
  description = {height difference},
  type = {symbolslist},
  category = {mathtooltip}
}

@entry{sym-E_hat,
  symbol = {\ensuremath{\hat{E}}},
  unit = {\ensuremath{\si{\volt\per\meter}}},
  name = {E hat},
  description = {amplitude of the electric field wave},
  type = {symbolslist},
  category = {mathtooltip}
}

@entry{sym-E_x,
  symbol = {\ensuremath{E_x}},
  unit = {\ensuremath{\si{\volt\per\meter}}},
  name = {E x},
  description = {Is defined mathematically as a vector field that associates to each point in space the (electrostatic or Coulomb) force per unit of charge exerted on an infinitesimal positive test charge at rest at that point.},
  type = {symbolslist},
  category = {mathtooltip}
}

@entry{sym-F,
  symbol = {\ensuremath{F}},
  unit = {\ensuremath{\si{\newton}}},
  name = {F},
  description = {force},
  type = {symbolslist},
  category = {mathtooltip}
}

@entry{sym-F_12,
  symbol = {\ensuremath{\mathcal{F}_{12}}},
  unit = {\ensuremath{\si{-}}},
  name = {F 12},
  description = {view factor between geometries},
  type = {symbolslist},
  category = {mathtooltip}
}

@entry{sym-F_b,
  symbol = {\ensuremath{F_b}},
  unit = {\ensuremath{\si{\newton}}},
  name = {F b},
  description = {buoyancy force of a submerged Archimedes screw},
  type = {symbolslist},
  category = {mathtooltip}
}

@entry{sym-F_crb,
  symbol = {\ensuremath{F_{cr,b}}},
  unit = {\ensuremath{\si{\newton}}},
  name = {F crb},
  description = {buoyancy force of a submerged crawler},
  type = {symbolslist},
  category = {mathtooltip}
}

@entry{sym-F_k,
  symbol = {\ensuremath{\mathbf{F}}},
  unit = {\ensuremath{\si{-}}},
  name = {F k},
  description = {a state transition model which is applied to the previous state},
  type = {symbolslist},
  category = {mathtooltip}
}

@entry{sym-F_n,
  symbol = {\ensuremath{F_{n}}},
  unit = {\ensuremath{\si{\newton}}},
  name = {F n},
  description = {normal force working on an Archimedes screw},
  type = {symbolslist},
  category = {mathtooltip}
}

@entry{sym-F_r,
  symbol = {\ensuremath{F_{r}}},
  unit = {\ensuremath{\si{-}}},
  name = {F r},
  description = {Froude number for a pipeline},
  type = {symbolslist},
  category = {mathtooltip}
}

@entry{sym-F_rxd,
  symbol = {\ensuremath{F_{rxd}}},
  unit = {\ensuremath{\si{-}}},
  name = {F rxd},
  description = {Froude number of the grains},
  type = {symbolslist},
  category = {mathtooltip}
}

@entry{sym-F_s,
  symbol = {\ensuremath{F_s}},
  unit = {\ensuremath{\si{\newton}}},
  name = {F s},
  description = {skin friction},
  type = {symbolslist},
  category = {mathtooltip}
}

@entry{sym-F_sn,
  symbol = {\ensuremath{F_{sn}}},
  unit = {\ensuremath{\si{\newton\per\kilo\gram}}},
  name = {F sn},
  description = {specific normal force working on an Archimedes screw},
  type = {symbolslist},
  category = {mathtooltip}
}

@entry{sym-F_u,
  symbol = {\ensuremath{F_u}},
  unit = {\ensuremath{\si{\newton}}},
  name = {F u},
  description = {ultimate skin friction},
  type = {symbolslist},
  category = {mathtooltip}
}

@entry{sym-G,
  symbol = {\ensuremath{G}},
  unit = {\ensuremath{\si{\watt\per\kelvin}}},
  name = {G},
  description = {heat conductance},
  type = {symbolslist},
  category = {mathtooltip}
}

@entry{sym-G_T,
  symbol = {\ensuremath{G_T}},
  unit = {\ensuremath{\si{\watt\per\meter\squared}}},
  name = {G T},
  description = {total global solar radiation},
  type = {symbolslist},
  category = {mathtooltip}
}

@entry{sym-G_adj,
  symbol = {\ensuremath{\mathbf{G}}},
  unit = {\ensuremath{\si{-}}},
  name = {G adj},
  description = {adjacency graph},
  type = {symbolslist},
  category = {mathtooltip}
}

@entry{sym-G_adj_1,
  symbol = {\ensuremath{\mathbf{G}_1}},
  unit = {\ensuremath{\si{-}}},
  name = {G adj 1},
  description = {adjacency subgraph 1},
  type = {symbolslist},
  category = {mathtooltip}
}

@entry{sym-G_adj_2,
  symbol = {\ensuremath{\mathbf{G}_2}},
  unit = {\ensuremath{\si{-}}},
  name = {G adj 2},
  description = {adjacency subgraph 2},
  type = {symbolslist},
  category = {mathtooltip}
}

@entry{sym-H,
  symbol = {\ensuremath{H}},
  unit = {\ensuremath{\si{\meter}}},
  name = {H},
  description = {net head of a flow},
  type = {symbolslist},
  category = {mathtooltip}
}

@entry{sym-H_1,
  symbol = {\ensuremath{H_1}},
  unit = {\ensuremath{\si{\meter}}},
  name = {H 1},
  description = {net head of a flow at point 1},
  type = {symbolslist},
  category = {mathtooltip}
}

@entry{sym-H_2,
  symbol = {\ensuremath{H_2}},
  unit = {\ensuremath{\si{\meter}}},
  name = {H 2},
  description = {net head of a flow at point 2},
  type = {symbolslist},
  category = {mathtooltip}
}

@entry{sym-H_hat,
  symbol = {\ensuremath{\hat{H}}},
  unit = {\ensuremath{\si{\ampere}}},
  name = {H hat},
  description = {amplitude of the magnetic field wave},
  type = {symbolslist},
  category = {mathtooltip}
}

@entry{sym-H_k,
  symbol = {\ensuremath{\mathbf{H}}},
  unit = {\ensuremath{\si{-}}},
  name = {H k},
  description = {measurement sensitivity matrix defining the linear relationship between state of the dynamic system and measurements that can be made},
  type = {symbolslist},
  category = {mathtooltip}
}

@entry{sym-H_y,
  symbol = {\ensuremath{H_y}},
  unit = {\ensuremath{\si{\ampere\per\meter}}},
  name = {H y},
  description = {is a vector field that describes the magnetic influence of electric charges in relative motion and magnetized materials},
  type = {symbolslist},
  category = {mathtooltip}
}

@entry{sym-I,
  symbol = {\ensuremath{I}},
  unit = {\ensuremath{\si{\kilo\gram\meter\squared}}},
  name = {I},
  description = {moment of inertia},
  type = {symbolslist},
  category = {mathtooltip}
}

@entry{sym-I_v,
  symbol = {\ensuremath{I_v}},
  unit = {\ensuremath{\si{\cubic\meter\per\hour}}},
  name = {I v},
  description = {flow rate of an auger},
  type = {symbolslist},
  category = {mathtooltip}
}

@entry{sym-K_HP,
  symbol = {\ensuremath{K_{HP}}},
  unit = {\ensuremath{\si{-}}},
  name = {K HP},
  description = {Hagen-Poiseuille coefficient for laminar pipe flows},
  type = {symbolslist},
  category = {mathtooltip}
}

@entry{sym-K_TP,
  symbol = {\ensuremath{K_{TP}}},
  unit = {\ensuremath{\si{-}}},
  name = {K TP},
  description = {friction torque vs pressure gain coefficient parameter},
  type = {symbolslist},
  category = {mathtooltip}
}

@entry{sym-Kgain,
  symbol = {\ensuremath{\bar{\mathbf{K}}}},
  unit = {\ensuremath{\si{-}}},
  name = {Kgain},
  description = {Kalman gain matrix},
  type = {symbolslist},
  category = {mathtooltip}
}

@entry{sym-L,
  symbol = {\ensuremath{L}},
  unit = {\ensuremath{\si{\meter}}},
  name = {L},
  description = {Distance between the crawlers screws},
  type = {symbolslist},
  category = {mathtooltip}
}

@entry{sym-L_alpha_epsilon,
  symbol = {\ensuremath{L_{\alpha, \epsilon}}},
  unit = {\ensuremath{\si{\decibel}}},
  name = {L alpha epsilon},
  description = {electromagnetic signal strength},
  type = {symbolslist},
  category = {mathtooltip}
}

@entry{sym-L_s,
  symbol = {\ensuremath{L_{s}}},
  unit = {\ensuremath{\si{\meter}}},
  name = {L s},
  description = {length of suction line},
  type = {symbolslist},
  category = {mathtooltip}
}

@entry{sym-M,
  symbol = {\ensuremath{M}},
  unit = {\ensuremath{\si{\watt\per\meter\squared}}},
  name = {M},
  description = {metabolic heat production},
  type = {symbolslist},
  category = {mathtooltip}
}

@entry{sym-M_mat,
  symbol = {\ensuremath{M_{mat}}},
  unit = {\ensuremath{\si{\kilo\gram\per\mole}}},
  name = {M mat},
  description = {moleculair weight},
  type = {symbolslist},
  category = {mathtooltip}
}

@entry{sym-M_v,
  symbol = {\ensuremath{M_v}},
  unit = {\ensuremath{\si{\kilo\gram\per\mole}}},
  name = {M v},
  description = {moleculair weight of water vapor},
  type = {symbolslist},
  category = {mathtooltip}
}

@entry{sym-N_c,
  symbol = {\ensuremath{N_c}},
  unit = {\ensuremath{\si{-}}},
  name = {N c},
  description = {dimensionless constant used in the Brinch-Hansen equation, related to the cohesion},
  type = {symbolslist},
  category = {mathtooltip}
}

@entry{sym-N_gamma,
  symbol = {\ensuremath{N_{\gamma}}},
  unit = {\ensuremath{\si{-}}},
  name = {N gamma},
  description = {dimensionless constant used in the Brinch-Hansen equation, related to the specific weight of the soil},
  type = {symbolslist},
  category = {mathtooltip}
}

@entry{sym-N_phi,
  symbol = {\ensuremath{N_{\phi}}},
  unit = {\ensuremath{\si{-}}},
  name = {N phi},
  description = {dimensionless factor of the internal friction angle},
  type = {symbolslist},
  category = {mathtooltip}
}

@entry{sym-N_q,
  symbol = {\ensuremath{N_q}},
  unit = {\ensuremath{\si{-}}},
  name = {N q},
  description = {dimensionless constant used in the Brinch-Hansen equation, related to the load of the surrounding soil},
  type = {symbolslist},
  category = {mathtooltip}
}

@entry{sym-P,
  symbol = {\ensuremath{P}},
  unit = {\ensuremath{\si{\watt}}},
  name = {P},
  description = {power},
  type = {symbolslist},
  category = {mathtooltip}
}

@entry{sym-P_0,
  symbol = {\ensuremath{\mathbf{P}_0}},
  unit = {\ensuremath{\si{-}}},
  name = {P 0},
  description = {initialization covariance matrix of state estimation uncertainty},
  type = {symbolslist},
  category = {mathtooltip}
}

@entry{sym-P_e,
  symbol = {\ensuremath{P_e}},
  unit = {\ensuremath{\si{\kilo\watt}}},
  name = {P e},
  description = {electrical power},
  type = {symbolslist},
  category = {mathtooltip}
}

@entry{sym-P_eff,
  symbol = {\ensuremath{P_{eff}}},
  unit = {\ensuremath{\si{\kilo\watt}}},
  name = {P eff},
  description = {effective needed power},
  type = {symbolslist},
  category = {mathtooltip}
}

@entry{sym-P_k,
  symbol = {\ensuremath{\mathbf{P}_k}},
  unit = {\ensuremath{\si{-}}},
  name = {P k},
  description = {covariance matrix of state estimation uncertainty},
  type = {symbolslist},
  category = {mathtooltip}
}

@entry{sym-P_k-1,
  symbol = {\ensuremath{\mathbf{P}_{k-1}}},
  unit = {\ensuremath{\si{-}}},
  name = {P k-1},
  description = {covariance matrix of a priori state estimation uncertainty},
  type = {symbolslist},
  category = {mathtooltip}
}

@entry{sym-P_s,
  symbol = {\ensuremath{P_s}},
  unit = {\ensuremath{\si{\kilo\watt}}},
  name = {P s},
  description = {power at a shaft},
  type = {symbolslist},
  category = {mathtooltip}
}

@entry{sym-P_w,
  symbol = {\ensuremath{P_w}},
  unit = {\ensuremath{\si{\kilo\watt}}},
  name = {P w},
  description = {drive power},
  type = {symbolslist},
  category = {mathtooltip}
}

@entry{sym-Q,
  symbol = {\ensuremath{Q}},
  unit = {\ensuremath{\si{\meter\cubed\per\second}}},
  name = {Q},
  description = {volumetric fluid flow},
  type = {symbolslist},
  category = {mathtooltip}
}

@entry{sym-Q_1_2,
  symbol = {\ensuremath{Q_{1-2}}},
  unit = {\ensuremath{\si{\watt}}},
  name = {Q 1 2},
  description = {heat flow from node 1 to node 2},
  type = {symbolslist},
  category = {mathtooltip}
}

@entry{sym-Q_H,
  symbol = {\ensuremath{Q_H}},
  unit = {\ensuremath{\si{\kilo\watt}}},
  name = {Q H},
  description = {heat transferred at a high temperature},
  type = {symbolslist},
  category = {mathtooltip}
}

@entry{sym-Q_L,
  symbol = {\ensuremath{Q_L}},
  unit = {\ensuremath{\si{\kilo\watt}}},
  name = {Q L},
  description = {heat transferred at a low temperature},
  type = {symbolslist},
  category = {mathtooltip}
}

@entry{sym-Q_con,
  symbol = {\ensuremath{Q_{con}}},
  unit = {\ensuremath{\si{\watt}}},
  name = {Q con},
  description = {heat flow at condensator},
  type = {symbolslist},
  category = {mathtooltip}
}

@entry{sym-Q_i,
  symbol = {\ensuremath{Q_i}},
  unit = {\ensuremath{\si{\meter\cubed\per\second}}},
  name = {Q i},
  description = {ideal volumetric fluid flow},
  type = {symbolslist},
  category = {mathtooltip}
}

@entry{sym-Q_j,
  symbol = {\ensuremath{Q_j}},
  unit = {\ensuremath{\si{\watt}}},
  name = {Q j},
  description = {heat flow out from a node},
  type = {symbolslist},
  category = {mathtooltip}
}

@entry{sym-Q_k,
  symbol = {\ensuremath{\mathbf{Q}_k}},
  unit = {\ensuremath{\si{-}}},
  name = {Q k},
  description = {covariance matrix of process estimation uncertainty},
  type = {symbolslist},
  category = {mathtooltip}
}

@entry{sym-Q_l,
  symbol = {\ensuremath{Q_l}},
  unit = {\ensuremath{\si{\meter\cubed\per\second}}},
  name = {Q l},
  description = {volumetric fluid leakage flow},
  type = {symbolslist},
  category = {mathtooltip}
}

@entry{sym-Q_n,
  symbol = {\ensuremath{\dot{Q}_{n}}},
  unit = {\ensuremath{\si{\watt}}},
  name = {Q n},
  description = {useful energy},
  type = {symbolslist},
  category = {mathtooltip}
}

@entry{sym-Q_p,
  symbol = {\ensuremath{Q_p}},
  unit = {\ensuremath{\si{\watt}}},
  name = {Q p},
  description = {heat generated by a person},
  type = {symbolslist},
  category = {mathtooltip}
}

@entry{sym-Q_rc,
  symbol = {\ensuremath{Q_{rc}}},
  unit = {\ensuremath{\si{\watt}}},
  name = {Q rc},
  description = {external heat},
  type = {symbolslist},
  category = {mathtooltip}
}

@entry{sym-Q_wp,
  symbol = {\ensuremath{Q_{wp}}},
  unit = {\ensuremath{\si{\watt}}},
  name = {Q wp},
  description = {heat generated due to the water vapor production of a person},
  type = {symbolslist},
  category = {mathtooltip}
}

@entry{sym-R,
  symbol = {\ensuremath{R}},
  unit = {\ensuremath{\si{\watt\per\kelvin}}},
  name = {R},
  description = {heat resistance due the conduction and convection},
  type = {symbolslist},
  category = {mathtooltip}
}

@entry{sym-RH,
  symbol = {\ensuremath{RH}},
  unit = {\ensuremath{\si{\percent}}},
  name = {RH},
  description = {relative humidty},
  type = {symbolslist},
  category = {mathtooltip}
}

@entry{sym-R_k,
  symbol = {\ensuremath{\mathbf{R}}},
  unit = {\ensuremath{\si{-}}},
  name = {R k},
  description = {covariance matrix of state estimation uncertainty},
  type = {symbolslist},
  category = {mathtooltip}
}

@entry{sym-R_rad,
  symbol = {\ensuremath{R_{rad}}},
  unit = {\ensuremath{\si{\watt\per\kelvin\tothe{4}}}},
  name = {R rad},
  description = {heat resistance due to radiation},
  type = {symbolslist},
  category = {mathtooltip}
}

@entry{sym-R_t,
  symbol = {\ensuremath{R_t}},
  unit = {\ensuremath{\si{\meter}}},
  name = {R t},
  description = {radius from ICR ro COG of crawler},
  type = {symbolslist},
  category = {mathtooltip}
}

@entry{sym-Re,
  symbol = {\ensuremath{Re}},
  unit = {\ensuremath{\si{-}}},
  name = {Re},
  description = {Reynolds Number},
  type = {symbolslist},
  category = {mathtooltip}
}

@entry{sym-Re_sd,
  symbol = {\ensuremath{Re_{sd}}},
  unit = {\ensuremath{\si{-}}},
  name = {Re sd},
  description = {relative submerged density},
  type = {symbolslist},
  category = {mathtooltip}
}

@entry{sym-S,
  symbol = {\ensuremath{S}},
  unit = {\ensuremath{\si{-}}},
  name = {S},
  description = {a movement in a graph},
  type = {symbolslist},
  category = {mathtooltip}
}

@entry{sym-T,
  symbol = {\ensuremath{T}},
  unit = {\ensuremath{\si{\kelvin}}},
  name = {T},
  description = {temperature},
  type = {symbolslist},
  category = {mathtooltip}
}

@entry{sym-T_1,
  symbol = {\ensuremath{T_1}},
  unit = {\ensuremath{\si{\kelvin}}},
  name = {T 1},
  description = {temperature in node 1},
  type = {symbolslist},
  category = {mathtooltip}
}

@entry{sym-T_2,
  symbol = {\ensuremath{T_2}},
  unit = {\ensuremath{\si{\kelvin}}},
  name = {T 2},
  description = {temperature in node 2},
  type = {symbolslist},
  category = {mathtooltip}
}

@entry{sym-T_H,
  symbol = {\ensuremath{T_H}},
  unit = {\ensuremath{\si{\kelvin}}},
  name = {T H},
  description = {high temperature},
  type = {symbolslist},
  category = {mathtooltip}
}

@entry{sym-T_L,
  symbol = {\ensuremath{T_L}},
  unit = {\ensuremath{\si{\kelvin}}},
  name = {T L},
  description = {low temperature},
  type = {symbolslist},
  category = {mathtooltip}
}

@entry{sym-T_a,
  symbol = {\ensuremath{T_a}},
  unit = {\ensuremath{\si{\kelvin}}},
  name = {T a},
  description = {ambient environment temperature},
  type = {symbolslist},
  category = {mathtooltip}
}

@entry{sym-T_dp,
  symbol = {\ensuremath{T_{dp}}},
  unit = {\ensuremath{\si{\kelvin}}},
  name = {T dp},
  description = {dew point temperature},
  type = {symbolslist},
  category = {mathtooltip}
}

@entry{sym-T_in,
  symbol = {\ensuremath{T_{in}}},
  unit = {\ensuremath{\si{\kelvin}}},
  name = {T in},
  description = {temperature of an ingoing flow},
  type = {symbolslist},
  category = {mathtooltip}
}

@entry{sym-T_inf,
  symbol = {\ensuremath{T_{\infty}}},
  unit = {\ensuremath{\si{\kelvin}}},
  name = {T inf},
  description = {temperature of a free stream},
  type = {symbolslist},
  category = {mathtooltip}
}

@entry{sym-T_m,
  symbol = {\ensuremath{T_m}},
  unit = {\ensuremath{\si{\kelvin}}},
  name = {T m},
  description = {mean temperature of an absorber},
  type = {symbolslist},
  category = {mathtooltip}
}

@entry{sym-T_out,
  symbol = {\ensuremath{T_{out}}},
  unit = {\ensuremath{\si{\kelvin}}},
  name = {T out},
  description = {temperature of an outgoing flow},
  type = {symbolslist},
  category = {mathtooltip}
}

@entry{sym-T_prime,
  symbol = {\ensuremath{T^{'}}},
  unit = {\ensuremath{\si{\kelvin\per\second}}},
  name = {T prime},
  description = {rate of temperature variation},
  type = {symbolslist},
  category = {mathtooltip}
}

@entry{sym-T_sp,
  symbol = {\ensuremath{T_{sp}}},
  unit = {\ensuremath{\si{\kelvin}}},
  name = {T sp},
  description = {temperature setpoint},
  type = {symbolslist},
  category = {mathtooltip}
}

@entry{sym-T_w,
  symbol = {\ensuremath{T_w}},
  unit = {\ensuremath{\si{\kelvin}}},
  name = {T w},
  description = {temperature of a wall},
  type = {symbolslist},
  category = {mathtooltip}
}

@entry{sym-V,
  symbol = {\ensuremath{V}},
  unit = {\ensuremath{\si{\cubic\meter}}},
  name = {V},
  description = {volume},
  type = {symbolslist},
  category = {mathtooltip}
}

@entry{sym-V_dot_a,
  symbol = {\ensuremath{\dot{V}_s}},
  unit = {\ensuremath{\si{\cubic\meter\per\second}}},
  name = {V dot a},
  description = {volumetric fluid flow through the auger},
  type = {symbolslist},
  category = {mathtooltip}
}

@entry{sym-V_dot_p,
  symbol = {\ensuremath{\dot{V}_p}},
  unit = {\ensuremath{\si{\cubic\meter\per\second}}},
  name = {V dot p},
  description = {volumetric fluid flow pump},
  type = {symbolslist},
  category = {mathtooltip}
}

@entry{sym-V_dot_s,
  symbol = {\ensuremath{\dot{V}_s}},
  unit = {\ensuremath{\si{\cubic\meter\per\second}}},
  name = {V dot s},
  description = {volumetric fluid flow},
  type = {symbolslist},
  category = {mathtooltip}
}

@entry{sym-V_flow_fa,
  symbol = {\ensuremath{\dot{V}_{fa}}},
  unit = {\ensuremath{\si{\meter\cubic\per\second}}},
  name = {V flow fa},
  description = {volume flow of fresh air},
  type = {symbolslist},
  category = {mathtooltip}
}

@entry{sym-V_sa,
  symbol = {\ensuremath{V_{sa}}},
  unit = {\ensuremath{\si{\cubic\meter}}},
  name = {V sa},
  description = {submerged volume of a Archimedes screw},
  type = {symbolslist},
  category = {mathtooltip}
}

@entry{sym-W_c,
  symbol = {\ensuremath{W_c}},
  unit = {\ensuremath{\si{\kilo\watt}}},
  name = {W c},
  description = {added heat energy},
  type = {symbolslist},
  category = {mathtooltip}
}

@entry{sym-a,
  symbol = {\ensuremath{a}},
  unit = {\ensuremath{\si{\meter\per\second\squared}}},
  name = {a},
  description = {acceleration},
  type = {symbolslist},
  category = {mathtooltip}
}

@entry{sym-a_x,
  symbol = {\ensuremath{a_x}},
  unit = {\ensuremath{\si{\meter\per\second\squared}}},
  name = {a x},
  description = {acceleration along the x-axis},
  type = {symbolslist},
  category = {mathtooltip}
}

@entry{sym-a_y,
  symbol = {\ensuremath{a_y}},
  unit = {\ensuremath{\si{\meter\per\second\squared}}},
  name = {a y},
  description = {acceleration along the y-axis},
  type = {symbolslist},
  category = {mathtooltip}
}

@entry{sym-a_z,
  symbol = {\ensuremath{a_z}},
  unit = {\ensuremath{\si{\meter\per\second\squared}}},
  name = {a z},
  description = {acceleration along the z-axis},
  type = {symbolslist},
  category = {mathtooltip}
}

@entry{sym-a_z_k,
  symbol = {\ensuremath{a_{z,k}}},
  unit = {\ensuremath{\si{\meter\per\second\squared}}},
  name = {a z k},
  description = {acceleration along the z-axis at time k},
  type = {symbolslist},
  category = {mathtooltip}
}

@entry{sym-a_z_k-1,
  symbol = {\ensuremath{a_{z,k-1}}},
  unit = {\ensuremath{\si{\meter\per\second\squared}}},
  name = {a z k-1},
  description = {acceleration along the z-axis at time k-1},
  type = {symbolslist},
  category = {mathtooltip}
}

@entry{sym-alpha,
  symbol = {\ensuremath{\alpha}},
  unit = {\ensuremath{\si{-}}},
  name = {alpha},
  description = {absorption coefficient},
  type = {symbolslist},
  category = {mathtooltip}
}

@entry{sym-alpha_e,
  symbol = {\ensuremath{\alpha_e}},
  unit = {\ensuremath{\si{\decibel\per\meter}}},
  name = {alpha e},
  description = {attenuation},
  type = {symbolslist},
  category = {mathtooltip}
}

@entry{sym-alpha_s,
  symbol = {\ensuremath{\alpha_s}},
  unit = {\ensuremath{\si{-}}},
  name = {alpha s},
  description = {sensitivity coefficient},
  type = {symbolslist},
  category = {mathtooltip}
}

@entry{sym-alpha_sf,
  symbol = {\ensuremath{\alpha_sf}},
  unit = {\ensuremath{\si{-}}},
  name = {alpha sf},
  description = {skin friction coefficient},
  type = {symbolslist},
  category = {mathtooltip}
}

@entry{sym-b,
  symbol = {\ensuremath{b}},
  unit = {\ensuremath{\si{-}}},
  name = {b},
  description = {coefficient as a function of spent time and sex of the subject},
  type = {symbolslist},
  category = {mathtooltip}
}

@entry{sym-beta,
  symbol = {\ensuremath{\beta}},
  unit = {\ensuremath{\si{-}}},
  name = {beta},
  description = {phase factor of a wave},
  type = {symbolslist},
  category = {mathtooltip}
}

@entry{sym-c,
  symbol = {\ensuremath{c}},
  unit = {\ensuremath{\si{-}}},
  name = {c},
  description = {singel cell},
  type = {symbolslist},
  category = {mathtooltip}
}

@entry{sym-c_p,
  symbol = {\ensuremath{c_p}},
  unit = {\ensuremath{\si{\joule\per\kilo\gram\per\kelvin}}},
  name = {c p},
  description = {specific heat at constant pressure},
  type = {symbolslist},
  category = {mathtooltip}
}

@entry{sym-c_sb,
  symbol = {\ensuremath{c_{sb}}},
  unit = {\ensuremath{\si{\pascal}}},
  name = {c sb},
  description = {cohesion of a soil bed},
  type = {symbolslist},
  category = {mathtooltip}
}

@entry{sym-c_t,
  symbol = {\ensuremath{c_{t}}},
  unit = {\ensuremath{\si{-}}},
  name = {c t},
  description = {volumetric concentration},
  type = {symbolslist},
  category = {mathtooltip}
}

@entry{sym-c_u,
  symbol = {\ensuremath{c_u}},
  unit = {\ensuremath{\si{\pascal}}},
  name = {c u},
  description = {undrained shear strength of soil},
  type = {symbolslist},
  category = {mathtooltip}
}

@entry{sym-c_v,
  symbol = {\ensuremath{c_v}},
  unit = {\ensuremath{\si{\joule\per\kilo\gram\per\kelvin}}},
  name = {c v},
  description = {specific heat at constant volume},
  type = {symbolslist},
  category = {mathtooltip}
}

@entry{sym-d_a,
  symbol = {\ensuremath{d_a}},
  unit = {\ensuremath{\si{\meter}}},
  name = {d a},
  description = {sinkage depth of a Archimedes screw},
  type = {symbolslist},
  category = {mathtooltip}
}

@entry{sym-d_p,
  symbol = {\ensuremath{d_p}},
  unit = {\ensuremath{\si{\meter}}},
  name = {d p},
  description = {pipe diameter},
  type = {symbolslist},
  category = {mathtooltip}
}

@entry{sym-d_pp,
  symbol = {\ensuremath{d_{pp}}},
  unit = {\ensuremath{\si{\meter}}},
  name = {d pp},
  description = {volumetric flow},
  type = {symbolslist},
  category = {mathtooltip}
}

@entry{sym-d_ps,
  symbol = {\ensuremath{d_{ps}}},
  unit = {\ensuremath{\si{\meter}}},
  name = {d ps},
  description = {volumetric flow},
  type = {symbolslist},
  category = {mathtooltip}
}

@entry{sym-d_x_i,
  symbol = {\ensuremath{d_i(x)}},
  unit = {\ensuremath{\si{\meter}}},
  name = {d x i},
  description = {distance between x points and obstacle i},
  type = {symbolslist},
  category = {mathtooltip}
}

@entry{sym-delta_s,
  symbol = {\ensuremath{\delta_s}},
  unit = {\ensuremath{\si{\meter}}},
  name = {delta s},
  description = {range of a sensor-detector-range},
  type = {symbolslist},
  category = {mathtooltip}
}

@entry{sym-epsilon_1,
  symbol = {\ensuremath{\epsilon_1}},
  unit = {\ensuremath{\si{-}}},
  name = {epsilon 1},
  description = {emissivity property of material 1},
  type = {symbolslist},
  category = {mathtooltip}
}

@entry{sym-epsilon_2,
  symbol = {\ensuremath{\epsilon_2}},
  unit = {\ensuremath{\si{-}}},
  name = {epsilon 2},
  description = {emissivity property of material 2},
  type = {symbolslist},
  category = {mathtooltip}
}

@entry{sym-epsilon_b,
  symbol = {\ensuremath{\epsilon_{b}}},
  unit = {\ensuremath{\si{-}}},
  name = {epsilon b},
  description = {resistance coefficient of the bends, valves, hoses and other obstructions},
  type = {symbolslist},
  category = {mathtooltip}
}

@entry{sym-epsilon_e,
  symbol = {\ensuremath{\epsilon_e}},
  unit = {\ensuremath{\si{-}}},
  name = {epsilon e},
  description = {permittivity},
  type = {symbolslist},
  category = {mathtooltip}
}

@entry{sym-epsilon_nees,
  symbol = {\ensuremath{\epsilon_{N,k}}},
  unit = {\ensuremath{\si{-}}},
  name = {epsilon nees},
  description = {NEES at time k},
  type = {symbolslist},
  category = {mathtooltip}
}

@entry{sym-epsilon_nees_mean,
  symbol = {\ensuremath{\bar{\epsilon}_{N}}},
  unit = {\ensuremath{\si{-}}},
  name = {epsilon nees mean},
  description = {mean NEES value},
  type = {symbolslist},
  category = {mathtooltip}
}

@entry{sym-epsilon_s,
  symbol = {\ensuremath{\epsilon_{s}}},
  unit = {\ensuremath{\si{-}}},
  name = {epsilon s},
  description = {resistance coefficient of the suction inlet},
  type = {symbolslist},
  category = {mathtooltip}
}

@entry{sym-eta_Vn,
  symbol = {\ensuremath{\eta_{V,n}}},
  unit = {\ensuremath{\si{-}}},
  name = {eta Vn},
  description = {nominal Volumetric efficiency},
  type = {symbolslist},
  category = {mathtooltip}
}

@entry{sym-eta_c,
  symbol = {\ensuremath{\eta_c}},
  unit = {\ensuremath{\si{-}}},
  name = {eta c},
  description = {efficiency of an solar collector},
  type = {symbolslist},
  category = {mathtooltip}
}

@entry{sym-eta_eff_comp,
  symbol = {\ensuremath{\eta_{eff,comp}}},
  unit = {\ensuremath{\si{-}}},
  name = {eta eff comp},
  description = {efficiency of a compressor},
  type = {symbolslist},
  category = {mathtooltip}
}

@entry{sym-eta_is_comp,
  symbol = {\ensuremath{\eta_{is,comp}}},
  unit = {\ensuremath{\si{-}}},
  name = {eta is comp},
  description = {efficiency of an isotropisch compressor},
  type = {symbolslist},
  category = {mathtooltip}
}

@entry{sym-eta_m,
  symbol = {\ensuremath{\eta_m}},
  unit = {\ensuremath{\si{-}}},
  name = {eta m},
  description = {efficiency of a electrical engine},
  type = {symbolslist},
  category = {mathtooltip}
}

@entry{sym-eta_mech_comp,
  symbol = {\ensuremath{\eta_{me,comp}}},
  unit = {\ensuremath{\si{-}}},
  name = {eta mech comp},
  description = {efficiency of a mechanical compressor},
  type = {symbolslist},
  category = {mathtooltip}
}

@entry{sym-exp,
  symbol = {\ensuremath{\exp}},
  unit = {\ensuremath{\si{-}}},
  name = {exp},
  description = {Eulers number},
  type = {symbolslist},
  category = {mathtooltip}
}

@entry{sym-g,
  symbol = {\ensuremath{g}},
  unit = {\ensuremath{\si{\meter\per\squared\second}}},
  name = {g},
  description = {standard gravity model},
  type = {symbolslist},
  category = {mathtooltip}
}

@entry{sym-gamma,
  symbol = {\ensuremath{\gamma}},
  unit = {\ensuremath{\si{\newton\per\cubic\meter}}},
  name = {gamma},
  description = {specific weight},
  type = {symbolslist},
  category = {mathtooltip}
}

@entry{sym-gamma_EM,
  symbol = {\ensuremath{\gamma_e}},
  unit = {\ensuremath{\si{\meter}}},
  name = {gamma EM},
  description = {propagation constant},
  type = {symbolslist},
  category = {mathtooltip}
}

@entry{sym-gamma_m,
  symbol = {\ensuremath{\gamma_m}},
  unit = {\ensuremath{\si{\newton\per\cubic\meter}}},
  name = {gamma m},
  description = {specific weight of diluted water during dredging},
  type = {symbolslist},
  category = {mathtooltip}
}

@entry{sym-gamma_sw,
  symbol = {\ensuremath{\gamma_{sw}}},
  unit = {\ensuremath{\si{\newton\per\cubic\meter}}},
  name = {gamma sw},
  description = {specific weight of submerged soil},
  type = {symbolslist},
  category = {mathtooltip}
}

@entry{sym-gamma_w,
  symbol = {\ensuremath{\gamma_w}},
  unit = {\ensuremath{\si{\newton\per\cubic\meter}}},
  name = {gamma w},
  description = {specific weight of water},
  type = {symbolslist},
  category = {mathtooltip}
}

@entry{sym-h,
  symbol = {\ensuremath{h}},
  unit = {\ensuremath{\si{\meter}}},
  name = {h},
  description = {height difference between radius of screw and its submerged part},
  type = {symbolslist},
  category = {mathtooltip}
}

@entry{sym-h_a,
  symbol = {\ensuremath{h_{a}}},
  unit = {\ensuremath{\si{\meter}}},
  name = {h a},
  description = {height of water level above center line of a pump},
  type = {symbolslist},
  category = {mathtooltip}
}

@entry{sym-h_c,
  symbol = {\ensuremath{h_c}},
  unit = {\ensuremath{\si{\watt\per\square\meter}}},
  name = {h c},
  description = {convection heat-transfer coefficient},
  type = {symbolslist},
  category = {mathtooltip}
}

@entry{sym-h_dh,
  symbol = {\ensuremath{h_{dh}}},
  unit = {\ensuremath{\si{\meter}}},
  name = {h dh},
  description = {height of a dredge head},
  type = {symbolslist},
  category = {mathtooltip}
}

@entry{sym-h_in,
  symbol = {\ensuremath{h_{in}}},
  unit = {\ensuremath{\si{\kilo\joule\per\kilo\gram\per\kelvin}}},
  name = {h in},
  description = {specific enthalpy at entry point},
  type = {symbolslist},
  category = {mathtooltip}
}

@entry{sym-h_out,
  symbol = {\ensuremath{h_{out}}},
  unit = {\ensuremath{\si{\kilo\joule\per\kilo\gram\per\kelvin}}},
  name = {h out},
  description = {specific enthalpy at exit point},
  type = {symbolslist},
  category = {mathtooltip}
}

@entry{sym-h_out_prime,
  symbol = {\ensuremath{h_{out}^{'}}},
  unit = {\ensuremath{\si{\kilo\joule\per\kilo\gram\per\kelvin}}},
  name = {h out prime},
  description = {actual specific enthalpy at exit point},
  type = {symbolslist},
  category = {mathtooltip}
}

@entry{sym-imag,
  symbol = {\ensuremath{i}},
  unit = {\ensuremath{\si{-}}},
  name = {imag},
  description = {imaginary unit},
  type = {symbolslist},
  category = {mathtooltip}
}

@entry{sym-k,
  symbol = {\ensuremath{k}},
  unit = {\ensuremath{\si{\watt\per\meter\per\kelvin}}},
  name = {k},
  description = {thermal conductivity},
  type = {symbolslist},
  category = {mathtooltip}
}

@entry{sym-k_1,
  symbol = {\ensuremath{k_1}},
  unit = {\ensuremath{\si{-}}},
  name = {k 1},
  description = {constant representing thermal losses to the outside},
  type = {symbolslist},
  category = {mathtooltip}
}

@entry{sym-k_2,
  symbol = {\ensuremath{k_2}},
  unit = {\ensuremath{\si{-}}},
  name = {k 2},
  description = {constant representing thermal losses to the outside},
  type = {symbolslist},
  category = {mathtooltip}
}

@entry{sym-kappa,
  symbol = {\ensuremath{\kappa}},
  unit = {\ensuremath{\si{\kelvin\per\watt}}},
  name = {kappa},
  description = {heat capacity ratio},
  type = {symbolslist},
  category = {mathtooltip}
}

@entry{sym-l_a,
  symbol = {\ensuremath{l_a}},
  unit = {\ensuremath{\si{\meter}}},
  name = {l a},
  description = {length of an Archimedes screw},
  type = {symbolslist},
  category = {mathtooltip}
}

@entry{sym-lambda,
  symbol = {\ensuremath{\lambda}},
  unit = {\ensuremath{\si{-}}},
  name = {lambda},
  description = {friction factor of a straight pipe},
  type = {symbolslist},
  category = {mathtooltip}
}

@entry{sym-m,
  symbol = {\ensuremath{m}},
  unit = {\ensuremath{\si{\kg}}},
  name = {m},
  description = {mass},
  type = {symbolslist},
  category = {mathtooltip}
}

@entry{sym-m_cr,
  symbol = {\ensuremath{m_{cr}}},
  unit = {\ensuremath{\si{\kg}}},
  name = {m cr},
  description = {mass of a crawler},
  type = {symbolslist},
  category = {mathtooltip}
}

@entry{sym-m_cr_prime,
  symbol = {\ensuremath{m_{cr}^{'}}},
  unit = {\ensuremath{\si{\kilo\gram}}},
  name = {m cr prime},
  description = {total buoyancy corrected mass of a crawler},
  type = {symbolslist},
  category = {mathtooltip}
}

@entry{sym-m_f,
  symbol = {\ensuremath{m_f}},
  unit = {\ensuremath{\si{\kg}}},
  name = {m f},
  description = {mass},
  type = {symbolslist},
  category = {mathtooltip}
}

@entry{sym-m_flux,
  symbol = {\ensuremath{\dot{m}}},
  unit = {\ensuremath{\si{\kilo\gram\per\second}}},
  name = {m flux},
  description = {mass flux},
  type = {symbolslist},
  category = {mathtooltip}
}

@entry{sym-m_flux_rf,
  symbol = {\ensuremath{\dot{m}_{rf}}},
  unit = {\ensuremath{\si{\kilo\gram\per\second}}},
  name = {m flux rf},
  description = {mass flux refrigerant},
  type = {symbolslist},
  category = {mathtooltip}
}

@entry{sym-m_hi,
  symbol = {\ensuremath{\vv{m}_{hi}}},
  unit = {\ensuremath{\si{\tesla}}},
  name = {m hi},
  description = {hard iron adjusted vector},
  type = {symbolslist},
  category = {mathtooltip}
}

@entry{sym-m_n,
  symbol = {\ensuremath{m_n}},
  unit = {\ensuremath{\si{-}}},
  name = {m n},
  description = {number of neighbouring neurons},
  type = {symbolslist},
  category = {mathtooltip}
}

@entry{sym-m_si,
  symbol = {\ensuremath{\vv{m}_{si}}},
  unit = {\ensuremath{\si{\tesla}}},
  name = {m si},
  description = {soft iron adjusted vector},
  type = {symbolslist},
  category = {mathtooltip}
}

@entry{sym-m_vec,
  symbol = {\ensuremath{\vv{m}}},
  unit = {\ensuremath{\si{\tesla}}},
  name = {m vec},
  description = {raw magnetometer vector},
  type = {symbolslist},
  category = {mathtooltip}
}

@entry{sym-mu,
  symbol = {\ensuremath{\mu}},
  unit = {\ensuremath{\si{\pascal\second}}},
  name = {mu},
  description = {dynamic viscosity},
  type = {symbolslist},
  category = {mathtooltip}
}

@entry{sym-mu_e,
  symbol = {\ensuremath{\mu_e}},
  unit = {\ensuremath{\si{\henry\per\meter}}},
  name = {mu e},
  description = {electromagnetism permeability},
  type = {symbolslist},
  category = {mathtooltip}
}

@entry{sym-mu_n,
  symbol = {\ensuremath{\mu_n}},
  unit = {\ensuremath{\si{\pascal\second}}},
  name = {mu n},
  description = {nominal dynamic viscosity},
  type = {symbolslist},
  category = {mathtooltip}
}

@entry{sym-n_a_l,
  symbol = {\ensuremath{n_{a,l}}},
  unit = {\ensuremath{\si{-}}},
  name = {n a l},
  description = {neural activity of a the lth neuron},
  type = {symbolslist},
  category = {mathtooltip}
}

@entry{sym-n_s,
  symbol = {\ensuremath{n_s}},
  unit = {\ensuremath{\si{\radian\per\second}}},
  name = {n s},
  description = {stochastic component of a signal},
  type = {symbolslist},
  category = {mathtooltip}
}

@entry{sym-n_x,
  symbol = {\ensuremath{\mathit{n}_x}},
  unit = {\ensuremath{\si{-}}},
  name = {n x},
  description = {number of elements in the state vector},
  type = {symbolslist},
  category = {mathtooltip}
}

@entry{sym-nabla_m,
  symbol = {\ensuremath{\nabla_m}},
  unit = {\ensuremath{\si{\meter}}},
  name = {nabla m},
  description = {normal of a surface},
  type = {symbolslist},
  category = {mathtooltip}
}

@entry{sym-nu,
  symbol = {\ensuremath{\nu}},
  unit = {\ensuremath{\si{\squared\meter\per\second}}},
  name = {nu},
  description = {kinematic viscosity},
  type = {symbolslist},
  category = {mathtooltip}
}

@entry{sym-omega,
  symbol = {\ensuremath{\omega}},
  unit = {\ensuremath{\si{\radian\per\second}}},
  name = {omega},
  description = {angular velocity},
  type = {symbolslist},
  category = {mathtooltip}
}

@entry{sym-omega_func,
  symbol = {\ensuremath{\omega_t}},
  unit = {\ensuremath{\si{\radian\per\second}}},
  name = {omega func},
  description = {functional angular velocity},
  type = {symbolslist},
  category = {mathtooltip}
}

@entry{sym-omega_n,
  symbol = {\ensuremath{\omega_n}},
  unit = {\ensuremath{\si{\radian\per\second}}},
  name = {omega n},
  description = {nominal angular velocity},
  type = {symbolslist},
  category = {mathtooltip}
}

@entry{sym-omega_t,
  symbol = {\ensuremath{\omega_t}},
  unit = {\ensuremath{\si{\radian\per\second}}},
  name = {omega t},
  description = {true angular velocity},
  type = {symbolslist},
  category = {mathtooltip}
}

@entry{sym-omega_th,
  symbol = {\ensuremath{\omega_{th}}},
  unit = {\ensuremath{\si{\radian\per\second}}},
  name = {omega th},
  description = {angular velocity threshold},
  type = {symbolslist},
  category = {mathtooltip}
}

@entry{sym-p,
  symbol = {\ensuremath{p}},
  unit = {\ensuremath{\si{\pascal}}},
  name = {p},
  description = {pressure},
  type = {symbolslist},
  category = {mathtooltip}
}

@entry{sym-p_1,
  symbol = {\ensuremath{p_1}},
  unit = {\ensuremath{\si{\pascal}}},
  name = {p 1},
  description = {pressure at point 1},
  type = {symbolslist},
  category = {mathtooltip}
}

@entry{sym-p_2,
  symbol = {\ensuremath{p_2}},
  unit = {\ensuremath{\si{\pascal}}},
  name = {p 2},
  description = {pressure at point 2},
  type = {symbolslist},
  category = {mathtooltip}
}

@entry{sym-p_a,
  symbol = {\ensuremath{p_a}},
  unit = {\ensuremath{\si{\pascal}}},
  name = {p a},
  description = {atmospheric pressure},
  type = {symbolslist},
  category = {mathtooltip}
}

@entry{sym-p_atm,
  symbol = {\ensuremath{p_{atm}}},
  unit = {\ensuremath{\si{\pascal}}},
  name = {p atm},
  description = {atmospheric pressure},
  type = {symbolslist},
  category = {mathtooltip}
}

@entry{sym-p_h,
  symbol = {\ensuremath{p_{h}}},
  unit = {\ensuremath{\si{\pascal}}},
  name = {p h},
  description = {head, i.e. the velocity required to accelerate the mixture in the pipe},
  type = {symbolslist},
  category = {mathtooltip}
}

@entry{sym-p_i,
  symbol = {\ensuremath{p_{i}}},
  unit = {\ensuremath{\si{\pascal}}},
  name = {p i},
  description = {pressureloss at the suction inlet},
  type = {symbolslist},
  category = {mathtooltip}
}

@entry{sym-p_in,
  symbol = {\ensuremath{p_{in}}},
  unit = {\ensuremath{\si{\pascal}}},
  name = {p in},
  description = {pressure at entry point},
  type = {symbolslist},
  category = {mathtooltip}
}

@entry{sym-p_k,
  symbol = {\ensuremath{\vv{p}_k}},
  unit = {\ensuremath{\si{\meter}}},
  name = {p k},
  description = {pose components of the state vector xk},
  type = {symbolslist},
  category = {mathtooltip}
}

@entry{sym-p_k_1,
  symbol = {\ensuremath{\vv{p}_{k + 1}}},
  unit = {\ensuremath{\si{\meter}}},
  name = {p k 1},
  description = {AUV location at time k + 1},
  type = {symbolslist},
  category = {mathtooltip}
}

@entry{sym-p_k_dot,
  symbol = {\ensuremath{\vv{\dot{p}}_k}},
  unit = {\ensuremath{\si{\meter\per\second}}},
  name = {p k dot},
  description = {velocity components of the state vector xk},
  type = {symbolslist},
  category = {mathtooltip}
}

@entry{sym-p_kt_1,
  symbol = {\ensuremath{\vv{p}_{k+1}}},
  unit = {\ensuremath{\si{\meter}}},
  name = {p kt 1},
  description = {pose components of the state vector xk+1},
  type = {symbolslist},
  category = {mathtooltip}
}

@entry{sym-p_man,
  symbol = {\ensuremath{p_{man}}},
  unit = {\ensuremath{\si{\pascal}}},
  name = {p man},
  description = {manometric head of the dredge pump},
  type = {symbolslist},
  category = {mathtooltip}
}

@entry{sym-p_out,
  symbol = {\ensuremath{p_{out}}},
  unit = {\ensuremath{\si{\pascal}}},
  name = {p out},
  description = {pressure at exit point},
  type = {symbolslist},
  category = {mathtooltip}
}

@entry{sym-p_p,
  symbol = {\ensuremath{p_{p}}},
  unit = {\ensuremath{\si{\pascal}}},
  name = {p p},
  description = {absolute pressure at the outlet of the dredge pump},
  type = {symbolslist},
  category = {mathtooltip}
}

@entry{sym-p_q,
  symbol = {\ensuremath{p_{q}}},
  unit = {\ensuremath{\si{\pascal}}},
  name = {p q},
  description = {pressure generated at a certain depth due to the soil on top of it},
  type = {symbolslist},
  category = {mathtooltip}
}

@entry{sym-p_ro,
  symbol = {\ensuremath{p_{ro}}},
  unit = {\ensuremath{\si{\pascal}}},
  name = {p ro},
  description = {resistance offered by bends, valves, hoses and other obstructions},
  type = {symbolslist},
  category = {mathtooltip}
}

@entry{sym-p_rp,
  symbol = {\ensuremath{p_{rp}}},
  unit = {\ensuremath{\si{\pascal}}},
  name = {p rp},
  description = {resistance of the straightline pipe},
  type = {symbolslist},
  category = {mathtooltip}
}

@entry{sym-p_s,
  symbol = {\ensuremath{p_{s}}},
  unit = {\ensuremath{\si{\pascal}}},
  name = {p s},
  description = {absolute pressure at the entrance of impeller},
  type = {symbolslist},
  category = {mathtooltip}
}

@entry{sym-p_sb,
  symbol = {\ensuremath{p_{sb}}},
  unit = {\ensuremath{\si{\pascal}}},
  name = {p sb},
  description = {load working on a soil bed},
  type = {symbolslist},
  category = {mathtooltip}
}

@entry{sym-p_sm,
  symbol = {\ensuremath{p_{sm}}},
  unit = {\ensuremath{\si{\pascal}}},
  name = {p sm},
  description = {static head in the suction pipe},
  type = {symbolslist},
  category = {mathtooltip}
}

@entry{sym-p_ss,
  symbol = {\ensuremath{p_{ss}}},
  unit = {\ensuremath{\si{\pascal}}},
  name = {p ss},
  description = {static pressure generated by surrounding water},
  type = {symbolslist},
  category = {mathtooltip}
}

@entry{sym-p_v,
  symbol = {\ensuremath{p_v}},
  unit = {\ensuremath{\si{\pascal}}},
  name = {p v},
  description = {pressure of water vapor in ambient air},
  type = {symbolslist},
  category = {mathtooltip}
}

@entry{sym-phi_c,
  symbol = {\ensuremath{\phi_{c}}},
  unit = {\ensuremath{\si{\radian}}},
  name = {phi c},
  description = {roll of the crawler on the Euclidean y-axis},
  type = {symbolslist},
  category = {mathtooltip}
}

@entry{sym-phi_imu,
  symbol = {\ensuremath{\phi_{IMU}}},
  unit = {\ensuremath{\si{\radian}}},
  name = {phi imu},
  description = {roll of the IMU on the Euclidean y-axis},
  type = {symbolslist},
  category = {mathtooltip}
}

@entry{sym-phi_s,
  symbol = {\ensuremath{\phi_{s}}},
  unit = {\ensuremath{\si{\radian}}},
  name = {phi s},
  description = {angle of internal friction},
  type = {symbolslist},
  category = {mathtooltip}
}

@entry{sym-psi,
  symbol = {\ensuremath{\psi}},
  unit = {\ensuremath{\si{\radian}}},
  name = {psi},
  description = {yaw of the crawler on the Euclidean z-axis},
  type = {symbolslist},
  category = {mathtooltip}
}

@entry{sym-psi_c,
  symbol = {\ensuremath{\psi_{c}}},
  unit = {\ensuremath{\si{\radian}}},
  name = {psi c},
  description = {yaw of the crawler bot on the Euclidean z-axis},
  type = {symbolslist},
  category = {mathtooltip}
}

@entry{sym-psi_imu,
  symbol = {\ensuremath{\psi_{IMU}}},
  unit = {\ensuremath{\si{\radian}}},
  name = {psi imu},
  description = {yaw of the IMU bot on the Euclidean z-axis},
  type = {symbolslist},
  category = {mathtooltip}
}

@entry{sym-psi_m,
  symbol = {\ensuremath{\psi_{m}}},
  unit = {\ensuremath{\si{-}}},
  name = {psi m},
  description = {Durand-Condolios mixture correction},
  type = {symbolslist},
  category = {mathtooltip}
}

@entry{sym-q,
  symbol = {\ensuremath{\vv{q}}},
  unit = {\ensuremath{\si{-}}},
  name = {q},
  description = {heat flow},
  type = {symbolslist},
  category = {mathtooltip}
}

@entry{sym-q_e,
  symbol = {\ensuremath{q_e}},
  unit = {\ensuremath{\si{\watt}}},
  name = {q e},
  description = {space heat gain},
  type = {symbolslist},
  category = {mathtooltip}
}

@entry{sym-q_rf,
  symbol = {\ensuremath{q_{rf}}},
  unit = {\ensuremath{\si{\joule\per\kilo\gram}}},
  name = {q rf},
  description = {refrigerating effect of a refrigerant},
  type = {symbolslist},
  category = {mathtooltip}
}

@entry{sym-q_s,
  symbol = {\ensuremath{q_s}},
  unit = {\ensuremath{\si{-}}},
  name = {q s},
  description = {real component of a quaternion},
  type = {symbolslist},
  category = {mathtooltip}
}

@entry{sym-q_si,
  symbol = {\ensuremath{q_{si}}},
  unit = {\ensuremath{\si{\tesla}}},
  name = {q si},
  description = {smallest magnitude of a point on the ellipse, and thus the vector of the B-axis},
  type = {symbolslist},
  category = {mathtooltip}
}

@entry{sym-q_x,
  symbol = {\ensuremath{q_x}},
  unit = {\ensuremath{\si{-}}},
  name = {q x},
  description = {imaginary x-axis of a quaternion},
  type = {symbolslist},
  category = {mathtooltip}
}

@entry{sym-q_y,
  symbol = {\ensuremath{q_y}},
  unit = {\ensuremath{\si{-}}},
  name = {q y},
  description = {imaginary y-axis of a quaternion},
  type = {symbolslist},
  category = {mathtooltip}
}

@entry{sym-q_z,
  symbol = {\ensuremath{q_z}},
  unit = {\ensuremath{\si{-}}},
  name = {q z},
  description = {imaginary z-axis of a quaternion},
  type = {symbolslist},
  category = {mathtooltip}
}

@entry{sym-r,
  symbol = {\ensuremath{r}},
  unit = {\ensuremath{\si{\meter}}},
  name = {r},
  description = {radius},
  type = {symbolslist},
  category = {mathtooltip}
}

@entry{sym-r_0,
  symbol = {\ensuremath{r_0}},
  unit = {\ensuremath{\si{\meter}}},
  name = {r 0},
  description = {the receptive field radius of the kth neuron},
  type = {symbolslist},
  category = {mathtooltip}
}

@entry{sym-r_a,
  symbol = {\ensuremath{r_a}},
  unit = {\ensuremath{\si{\meter}}},
  name = {r a},
  description = {radius of Archimedes screw},
  type = {symbolslist},
  category = {mathtooltip}
}

@entry{sym-r_si,
  symbol = {\ensuremath{r_{si}}},
  unit = {\ensuremath{\si{\tesla}}},
  name = {r si},
  description = {greatest magnitude of a point on the ellipse, and thus the vector of the A-axis},
  type = {symbolslist},
  category = {mathtooltip}
}

@entry{sym-rho,
  symbol = {\ensuremath{\rho}},
  unit = {\ensuremath{\si{\kilo\gram\per\cubic\meter}}},
  name = {rho},
  description = {density of a material},
  type = {symbolslist},
  category = {mathtooltip}
}

@entry{sym-rho_ds,
  symbol = {\ensuremath{\rho_{ds}}},
  unit = {\ensuremath{\si{\kilo\gram\per\cubic\meter}}},
  name = {rho ds},
  description = {density of drained soil},
  type = {symbolslist},
  category = {mathtooltip}
}

@entry{sym-rho_is,
  symbol = {\ensuremath{\rho_{is}}},
  unit = {\ensuremath{\si{\kilo\gram\per\cubic\meter}}},
  name = {rho is},
  description = {in-situ density of soil},
  type = {symbolslist},
  category = {mathtooltip}
}

@entry{sym-rho_m,
  symbol = {\ensuremath{\rho_m}},
  unit = {\ensuremath{\si{\kilo\gram\per\cubic\meter}}},
  name = {rho m},
  description = {density of a mixture},
  type = {symbolslist},
  category = {mathtooltip}
}

@entry{sym-rho_n,
  symbol = {\ensuremath{\rho_n}},
  unit = {\ensuremath{\si{\kilo\gram\per\cubic\meter}}},
  name = {rho n},
  description = {nominal density of a material},
  type = {symbolslist},
  category = {mathtooltip}
}

@entry{sym-rho_s,
  symbol = {\ensuremath{\rho_s}},
  unit = {\ensuremath{\si{\kilo\gram\per\cubic\meter}}},
  name = {rho s},
  description = {density of a slurry},
  type = {symbolslist},
  category = {mathtooltip}
}

@entry{sym-rho_w,
  symbol = {\ensuremath{\rho_w}},
  unit = {\ensuremath{\si{\kilo\gram\per\cubic\meter}}},
  name = {rho w},
  description = {density of water},
  type = {symbolslist},
  category = {mathtooltip}
}

@entry{sym-s,
  symbol = {\ensuremath{s}},
  unit = {\ensuremath{\si{\meter}}},
  name = {s},
  description = {position},
  type = {symbolslist},
  category = {mathtooltip}
}

@entry{sym-s_a,
  symbol = {\ensuremath{s_a}},
  unit = {\ensuremath{\si{\meter}}},
  name = {s a},
  description = {soil contact arc length},
  type = {symbolslist},
  category = {mathtooltip}
}

@entry{sym-s_c,
  symbol = {\ensuremath{s_c}},
  unit = {\ensuremath{\si{-}}},
  name = {s c},
  description = {shape factor used in the Brinch-Hansen equation, related to the cohesion},
  type = {symbolslist},
  category = {mathtooltip}
}

@entry{sym-s_gamma,
  symbol = {\ensuremath{s_{\gamma}}},
  unit = {\ensuremath{\si{\meter}}},
  name = {s gamma},
  description = {shape factor used in the Brinch-Hansen equation, related to the specific weight of the soil},
  type = {symbolslist},
  category = {mathtooltip}
}

@entry{sym-s_q,
  symbol = {\ensuremath{s_q}},
  unit = {\ensuremath{\si{-}}},
  name = {s q},
  description = {shape factor used in the Brinch-Hansen equation, related to the surrounding load of the soil},
  type = {symbolslist},
  category = {mathtooltip}
}

@entry{sym-s_z,
  symbol = {\ensuremath{s_z}},
  unit = {\ensuremath{\si{\meter}}},
  name = {s z},
  description = {position along the z-axis},
  type = {symbolslist},
  category = {mathtooltip}
}

@entry{sym-s_z_k,
  symbol = {\ensuremath{s_{z,k}}},
  unit = {\ensuremath{\si{\meter}}},
  name = {s z k},
  description = {position along the z-axis at time k},
  type = {symbolslist},
  category = {mathtooltip}
}

@entry{sym-s_z_k+1,
  symbol = {\ensuremath{s_{z,k+1}}},
  unit = {\ensuremath{\si{\meter}}},
  name = {s z k+1},
  description = {position along the z-axis at time k + 1},
  type = {symbolslist},
  category = {mathtooltip}
}

@entry{sym-s_z_k-1,
  symbol = {\ensuremath{s_{z,k-1}}},
  unit = {\ensuremath{\si{\meter}}},
  name = {s z k-1},
  description = {position along the z-axis at time k-1},
  type = {symbolslist},
  category = {mathtooltip}
}

@entry{sym-s_z_m,
  symbol = {\ensuremath{s_{z,m}}},
  unit = {\ensuremath{\si{\meter}}},
  name = {s z m},
  description = {measured position along the z-axis},
  type = {symbolslist},
  category = {mathtooltip}
}

@entry{sym-s_z_m_k,
  symbol = {\ensuremath{s_{z,m,k}}},
  unit = {\ensuremath{\si{\meter}}},
  name = {s z m k},
  description = {measured position along the z-axis at time k},
  type = {symbolslist},
  category = {mathtooltip}
}

@entry{sym-sigma_H,
  symbol = {\ensuremath{\sigma_H}},
  unit = {\ensuremath{\si{\pascal}}},
  name = {sigma H},
  description = {horizontal stress},
  type = {symbolslist},
  category = {mathtooltip}
}

@entry{sym-sigma_V,
  symbol = {\ensuremath{\sigma_V}},
  unit = {\ensuremath{\si{\pascal}}},
  name = {sigma V},
  description = {vertical stress},
  type = {symbolslist},
  category = {mathtooltip}
}

@entry{sym-sigma_boltz,
  symbol = {\ensuremath{\sigma_c}},
  unit = {\ensuremath{\si{\square\meter\kilo\gram\per\square\second\per\kelvin}}},
  name = {sigma boltz},
  description = {Boltzmann constant 1.38064852e-23},
  type = {symbolslist},
  category = {mathtooltip}
}

@entry{sym-sigma_e,
  symbol = {\ensuremath{\sigma_e}},
  unit = {\ensuremath{\si{\siemens\per\meter}}},
  name = {sigma e},
  description = {Electrical conductivity},
  type = {symbolslist},
  category = {mathtooltip}
}

@entry{sym-sigma_prime,
  symbol = {\ensuremath{\sigma^{'}}},
  unit = {\ensuremath{\si{\pascal}}},
  name = {sigma prime},
  description = {effective stress},
  type = {symbolslist},
  category = {mathtooltip}
}

@entry{sym-sigma_s,
  symbol = {\ensuremath{\sigma_{s}}},
  unit = {\ensuremath{\si{\meter}}},
  name = {sigma s},
  description = {deviation on position},
  type = {symbolslist},
  category = {mathtooltip}
}

@entry{sym-sigma_s_m,
  symbol = {\ensuremath{\sigma_{s,m}}},
  unit = {\ensuremath{\si{\meter}}},
  name = {sigma s m},
  description = {deviation on measured position},
  type = {symbolslist},
  category = {mathtooltip}
}

@entry{sym-sigma_v,
  symbol = {\ensuremath{\sigma_{v}}},
  unit = {\ensuremath{\si{\meter\per\second}}},
  name = {sigma v},
  description = {deviation on velocity},
  type = {symbolslist},
  category = {mathtooltip}
}

@entry{sym-sigma_v_m,
  symbol = {\ensuremath{\sigma_{v,m}}},
  unit = {\ensuremath{\si{\meter\per\second}}},
  name = {sigma v m},
  description = {deviation measured on velocity},
  type = {symbolslist},
  category = {mathtooltip}
}

@entry{sym-t,
  symbol = {\ensuremath{t}},
  unit = {\ensuremath{\si{\second}}},
  name = {t},
  description = {time},
  type = {symbolslist},
  category = {mathtooltip}
}

@entry{sym-tau,
  symbol = {\ensuremath{\tau}},
  unit = {\ensuremath{\si{\newton\meter}}},
  name = {tau},
  description = {torque},
  type = {symbolslist},
  category = {mathtooltip}
}

@entry{sym-tau_0,
  symbol = {\ensuremath{\tau_0}},
  unit = {\ensuremath{\si{\newton\meter}}},
  name = {tau 0},
  description = {initial torque},
  type = {symbolslist},
  category = {mathtooltip}
}

@entry{sym-tau_f,
  symbol = {\ensuremath{\tau_f}},
  unit = {\ensuremath{\si{\newton\meter}}},
  name = {tau f},
  description = {torque due to friction},
  type = {symbolslist},
  category = {mathtooltip}
}

@entry{sym-tau_i,
  symbol = {\ensuremath{\tau_i}},
  unit = {\ensuremath{\si{\newton\meter}}},
  name = {tau i},
  description = {ideal torque},
  type = {symbolslist},
  category = {mathtooltip}
}

@entry{sym-theta,
  symbol = {\ensuremath{\theta}},
  unit = {\ensuremath{\si{\radian}}},
  name = {theta},
  description = {angle on the x-axis},
  type = {symbolslist},
  category = {mathtooltip}
}

@entry{sym-theta_b,
  symbol = {\ensuremath{\theta_b}},
  unit = {\ensuremath{\si{\radian}}},
  name = {theta b},
  description = {pitch of the dredge bot on the Euclidean z-axis},
  type = {symbolslist},
  category = {mathtooltip}
}

@entry{sym-theta_c,
  symbol = {\ensuremath{\theta_{c}}},
  unit = {\ensuremath{\si{\radian}}},
  name = {theta c},
  description = {pitch of the crawler on the Euclidean x-axis},
  type = {symbolslist},
  category = {mathtooltip}
}

@entry{sym-theta_imu,
  symbol = {\ensuremath{\theta_{IMU}}},
  unit = {\ensuremath{\si{\radian}}},
  name = {theta imu},
  description = {pitch of the IMU on the Euclidean x-axis},
  type = {symbolslist},
  category = {mathtooltip}
}

@entry{sym-theta_p,
  symbol = {\ensuremath{\theta_{p}}},
  unit = {\ensuremath{\si{\degree}}},
  name = {theta p},
  description = {inclination of the pipeline},
  type = {symbolslist},
  category = {mathtooltip}
}

@entry{sym-theta_s,
  symbol = {\ensuremath{\theta_{s}}},
  unit = {\ensuremath{\si{\radian}}},
  name = {theta s},
  description = {sink angle of an Archimedes screw},
  type = {symbolslist},
  category = {mathtooltip}
}

@entry{sym-theta_si,
  symbol = {\ensuremath{\theta_{si}}},
  unit = {\ensuremath{\si{\radian}}},
  name = {theta si},
  description = {soft iron axis offset along the x-axis},
  type = {symbolslist},
  category = {mathtooltip}
}

@entry{sym-u,
  symbol = {\ensuremath{\vv{u}}},
  unit = {\ensuremath{\si{-}}},
  name = {u},
  description = {unit vector},
  type = {symbolslist},
  category = {mathtooltip}
}

@entry{sym-u_k,
  symbol = {\ensuremath{\vv{u}_k}},
  unit = {\ensuremath{\si{-}}},
  name = {u k},
  description = {control inputs},
  type = {symbolslist},
  category = {mathtooltip}
}

@entry{sym-u_k-1,
  symbol = {\ensuremath{\vv{u}_{k-1}}},
  unit = {\ensuremath{\si{-}}},
  name = {u k-1},
  description = {control inputs from the previous component of the vector},
  type = {symbolslist},
  category = {mathtooltip}
}

@entry{sym-v,
  symbol = {\ensuremath{v}},
  unit = {\ensuremath{\si{\cubic\meter\per\kilo\gram}}},
  name = {v},
  description = {specific volume},
  type = {symbolslist},
  category = {mathtooltip}
}

@entry{sym-v_L,
  symbol = {\ensuremath{v_L}},
  unit = {\ensuremath{\si{\meter\per\second}}},
  name = {v L},
  description = {translational velocity of left Archimedes screw},
  type = {symbolslist},
  category = {mathtooltip}
}

@entry{sym-v_R,
  symbol = {\ensuremath{v_R}},
  unit = {\ensuremath{\si{\meter\per\second}}},
  name = {v R},
  description = {translational velocity of right Archimedes screw},
  type = {symbolslist},
  category = {mathtooltip}
}

@entry{sym-v_f,
  symbol = {\ensuremath{v_f}},
  unit = {\ensuremath{\si{\meter\per\second}}},
  name = {v f},
  description = {velocity of a fluid at a certain point},
  type = {symbolslist},
  category = {mathtooltip}
}

@entry{sym-v_f_1,
  symbol = {\ensuremath{v_{f,1}}},
  unit = {\ensuremath{\si{\meter\per\second}}},
  name = {v f 1},
  description = {velocity of a fluid at point 1},
  type = {symbolslist},
  category = {mathtooltip}
}

@entry{sym-v_f_2,
  symbol = {\ensuremath{v_{f,2}}},
  unit = {\ensuremath{\si{\meter\per\second}}},
  name = {v f 2},
  description = {velocity of a fluid at point 2},
  type = {symbolslist},
  category = {mathtooltip}
}

@entry{sym-v_k,
  symbol = {\ensuremath{\vv{v}_k}},
  unit = {\ensuremath{\si{-}}},
  name = {v k},
  description = {measurement noise},
  type = {symbolslist},
  category = {mathtooltip}
}

@entry{sym-v_p,
  symbol = {\ensuremath{v_{p}}},
  unit = {\ensuremath{\si{\meter\per\second}}},
  name = {v p},
  description = {mixture velocity in discharge line},
  type = {symbolslist},
  category = {mathtooltip}
}

@entry{sym-v_s,
  symbol = {\ensuremath{v_{s}}},
  unit = {\ensuremath{\si{\meter\per\second}}},
  name = {v s},
  description = {mixture velocity in suction line},
  type = {symbolslist},
  category = {mathtooltip}
}

@entry{sym-v_z,
  symbol = {\ensuremath{v_z}},
  unit = {\ensuremath{\si{\meter\per\second}}},
  name = {v z},
  description = {velocity along the z-axis},
  type = {symbolslist},
  category = {mathtooltip}
}

@entry{sym-v_z_k,
  symbol = {\ensuremath{v_{z,k}}},
  unit = {\ensuremath{\si{\meter\per\second}}},
  name = {v z k},
  description = {velocity along the z-axis at time k},
  type = {symbolslist},
  category = {mathtooltip}
}

@entry{sym-v_z_k-1,
  symbol = {\ensuremath{v_{z,k-1}}},
  unit = {\ensuremath{\si{\meter\per\second}}},
  name = {v z k-1},
  description = {velocity along the z-axis at time k-1},
  type = {symbolslist},
  category = {mathtooltip}
}

@entry{sym-varepsilon_c,
  symbol = {\ensuremath{\varepsilon_c}},
  unit = {\ensuremath{\si{-}}},
  name = {varepsilon c},
  description = {heating efficiency of a Carnot cycle},
  type = {symbolslist},
  category = {mathtooltip}
}

@entry{sym-varepsilon_eff,
  symbol = {\ensuremath{\varepsilon_{eff}}},
  unit = {\ensuremath{\si{-}}},
  name = {varepsilon eff},
  description = {effective cooling efficiency},
  type = {symbolslist},
  category = {mathtooltip}
}

@entry{sym-varepsilon_th,
  symbol = {\ensuremath{\varepsilon_{th}}},
  unit = {\ensuremath{\si{-}}},
  name = {varepsilon th},
  description = {theoretical heating efficiency},
  type = {symbolslist},
  category = {mathtooltip}
}

@entry{sym-varepsilon_w,
  symbol = {\ensuremath{\varepsilon_w}},
  unit = {\ensuremath{\si{-}}},
  name = {varepsilon w},
  description = {real heating efficiency},
  type = {symbolslist},
  category = {mathtooltip}
}

@entry{sym-w_a,
  symbol = {\ensuremath{w_a}},
  unit = {\ensuremath{\si{\meter}}},
  name = {w a},
  description = {width of the Archimedes screw in contact with the soil},
  type = {symbolslist},
  category = {mathtooltip}
}

@entry{sym-w_dh,
  symbol = {\ensuremath{w_{dh}}},
  unit = {\ensuremath{\si{\meter}}},
  name = {w dh},
  description = { width of a dredge head},
  type = {symbolslist},
  category = {mathtooltip}
}

@entry{sym-w_eff,
  symbol = {\ensuremath{w_{eff}}},
  unit = {\ensuremath{\si{\joule\per\kilo\gram}}},
  name = {w eff},
  description = {specific effective work},
  type = {symbolslist},
  category = {mathtooltip}
}

@entry{sym-w_is,
  symbol = {\ensuremath{w_{is}}},
  unit = {\ensuremath{\si{\joule\per\kilo\gram}}},
  name = {w is},
  description = {specific isentropic work},
  type = {symbolslist},
  category = {mathtooltip}
}

@entry{sym-w_k,
  symbol = {\ensuremath{\vv{w}_k}},
  unit = {\ensuremath{\si{-}}},
  name = {w k},
  description = {process noise},
  type = {symbolslist},
  category = {mathtooltip}
}

@entry{sym-x,
  symbol = {\ensuremath{x}},
  unit = {\ensuremath{\si{\meter}}},
  name = {x},
  description = {location along the x-axis},
  type = {symbolslist},
  category = {mathtooltip}
}

@entry{sym-x_h,
  symbol = {\ensuremath{x_h}},
  unit = {\ensuremath{\si{\tesla}}},
  name = {x h},
  description = {hard iron distortion along the x-axis},
  type = {symbolslist},
  category = {mathtooltip}
}

@entry{sym-x_k,
  symbol = {\ensuremath{\vv{x}_k}},
  unit = {\ensuremath{\si{-}}},
  name = {x k},
  description = {state vector describing the state of a system at the kth component of x},
  type = {symbolslist},
  category = {mathtooltip}
}

@entry{sym-x_k0,
  symbol = {\ensuremath{\vv{x}_0}},
  unit = {\ensuremath{\si{-}}},
  name = {x k0},
  description = {state vector describing the initial state of a system at the kth component of x},
  type = {symbolslist},
  category = {mathtooltip}
}

@entry{sym-x_kg,
  symbol = {\ensuremath{\vv{x}_{g,k}}},
  unit = {\ensuremath{\si{-}}},
  name = {x kg},
  description = {ground truth state, describing the real state of a system kth component of x},
  type = {symbolslist},
  category = {mathtooltip}
}

@entry{sym-x_khat,
  symbol = {\ensuremath{\hat{x}_k}},
  unit = {\ensuremath{\si{-}}},
  name = {x khat},
  description = {an estimation of the state vector x},
  type = {symbolslist},
  category = {mathtooltip}
}

@entry{sym-x_kt+1,
  symbol = {\ensuremath{\vv{x}_{k+1}}},
  unit = {\ensuremath{\si{-}}},
  name = {x kt+1},
  description = {a state estimate of x, conditioned on all available measurements at time tk},
  type = {symbolslist},
  category = {mathtooltip}
}

@entry{sym-x_kt+1hat,
  symbol = {\ensuremath{\hat{x}_{k+1}}},
  unit = {\ensuremath{\si{-}}},
  name = {x kt+1hat},
  description = {a posteriori estimate of x, conditioned on all available measurements at time tk},
  type = {symbolslist},
  category = {mathtooltip}
}

@entry{sym-x_kt-1,
  symbol = {\ensuremath{\vv{x}_{k-1}}},
  unit = {\ensuremath{\si{-}}},
  name = {x kt-1},
  description = {a priori state of xk, conditioned on all prior measurements, except the one at time tk},
  type = {symbolslist},
  category = {mathtooltip}
}

@entry{sym-x_kt-1hat,
  symbol = {\ensuremath{\hat{x}_{k-1}}},
  unit = {\ensuremath{\si{-}}},
  name = {x kt-1hat},
  description = {a priori estimate of xk, conditioned on all prior measurements, except the one at time tk},
  type = {symbolslist},
  category = {mathtooltip}
}

@entry{sym-x_ktilde,
  symbol = {\ensuremath{\tilde{x}_k}},
  unit = {\ensuremath{\si{-}}},
  name = {x ktilde},
  description = {Error of the state of a system at the kth component of x},
  type = {symbolslist},
  category = {mathtooltip}
}

@entry{sym-x_m,
  symbol = {\ensuremath{x_m}},
  unit = {\ensuremath{\si{\tesla}}},
  name = {x m},
  description = {raw magnetometer value along the x-axis},
  type = {symbolslist},
  category = {mathtooltip}
}

@entry{sym-x_w,
  symbol = {\ensuremath{x_w}},
  unit = {\ensuremath{\si{-}}},
  name = {x w},
  description = {humidity by mass},
  type = {symbolslist},
  category = {mathtooltip}
}

@entry{sym-y,
  symbol = {\ensuremath{y}},
  unit = {\ensuremath{\si{\meter}}},
  name = {y},
  description = {location along the y-axis},
  type = {symbolslist},
  category = {mathtooltip}
}

@entry{sym-y_1,
  symbol = {\ensuremath{y_1}},
  unit = {\ensuremath{\si{\tesla}}},
  name = {y 1},
  description = {y-index of greatest magnetic magnitude},
  type = {symbolslist},
  category = {mathtooltip}
}

@entry{sym-y_h,
  symbol = {\ensuremath{y_h}},
  unit = {\ensuremath{\si{\tesla}}},
  name = {y h},
  description = {hard iron distortion along the y-axis},
  type = {symbolslist},
  category = {mathtooltip}
}

@entry{sym-y_k,
  symbol = {\ensuremath{\vv{y}_k}},
  unit = {\ensuremath{\si{-}}},
  name = {y k},
  description = {measured values},
  type = {symbolslist},
  category = {mathtooltip}
}

@entry{sym-y_k_prime,
  symbol = {\ensuremath{\vv{y}_k^{'}}},
  unit = {\ensuremath{\si{-}}},
  name = {y k prime},
  description = {transformed measured values},
  type = {symbolslist},
  category = {mathtooltip}
}

@entry{sym-y_l,
  symbol = {\ensuremath{y_l}},
  unit = {\ensuremath{\si{\meter}}},
  name = {y l},
  description = {a gls-monotonically increasing function of the difference between the next moving directions},
  type = {symbolslist},
  category = {mathtooltip}
}

@entry{sym-y_m,
  symbol = {\ensuremath{y_m}},
  unit = {\ensuremath{\si{\tesla}}},
  name = {y m},
  description = {raw magnetometer value along the y-axis},
  type = {symbolslist},
  category = {mathtooltip}
}

@entry{sym-z,
  symbol = {\ensuremath{z}},
  unit = {\ensuremath{\si{\meter}}},
  name = {z},
  description = {height},
  type = {symbolslist},
  category = {mathtooltip}
}

@entry{sym-z_1,
  symbol = {\ensuremath{z_1}},
  unit = {\ensuremath{\si{\meter}}},
  name = {z 1},
  description = {height at point 1},
  type = {symbolslist},
  category = {mathtooltip}
}

@entry{sym-z_2,
  symbol = {\ensuremath{z_2}},
  unit = {\ensuremath{\si{\meter}}},
  name = {z 2},
  description = {height at point 2},
  type = {symbolslist},
  category = {mathtooltip}
}

@entry{sym-z_epsilon,
  symbol = {\ensuremath{z_{\epsilon}}},
  unit = {\ensuremath{\si{\meter}}},
  name = {z epsilon},
  description = {height error},
  type = {symbolslist},
  category = {mathtooltip}
}

@entry{sym-z_k,
  symbol = {\ensuremath{\vv{z}_k}},
  unit = {\ensuremath{\si{-}}},
  name = {z k},
  description = {measured values mapped to the state space},
  type = {symbolslist},
  category = {mathtooltip}
}

@entry{sym-z_m,
  symbol = {\ensuremath{z_m}},
  unit = {\ensuremath{\si{\tesla}}},
  name = {z m},
  description = {raw magnetometer value along the z-axis},
  type = {symbolslist},
  category = {mathtooltip}
}

@entry{sym-z_p,
  symbol = {\ensuremath{z_p}},
  unit = {\ensuremath{\si{\meter}}},
  name = {z p},
  description = {height of the pressure sensor with regards to the soil bed},
  type = {symbolslist},
  category = {mathtooltip}
}

